!Type:Bank
D12/30'2001
T-76,000.00
CX
POpening Balance
L[Woodgrove Bank Checking]
^
D12/30'2001
CX
T-1,928.11
PMortgage Co
^
D1/2'2002
CX
T1,039.98
PAUTOMATIC DEPOSIT -- PAYROLL
LWages & Salary
^
D1/5'2002
CX
T-24.00
PThe Gym
LBills:Health Club
^
D1/7'2002
CX
T-350.00
PAuto Loan Company
LAutomobile:Car Payment
^
D1/7'2002
CX
T-60.00
PThe Water Company
LBills:Water & Sewer
^
D1/13'2002
CX
T-130.00
PElectric Company
LBills:Electricity
^
D1/15'2002
CX
T-150.00
PHumongous Insurance
LInsurance:Automobile
^
D1/17'2002
CX
T1,039.98
PAUTOMATIC DEPOSIT -- PAYROLL
LWages & Salary
^
D1/20'2002
CX
T1,645.86
PAUTOMATIC DEPOSIT -- PAYROLL
LWages & Salary
^
D1/22'2002
CX
T-350.00
PAuto Loan Company
LAutomobile:Car Payment
^
D1/24'2002
CX
T-275.00
PSchool of Fine Art
LEducation:Tuition
^
D1/29'2002
CX
T-549.04
PWoodgrove Bank Credit Card
L[Woodgrove Bank Credit Card]
^
D1/30'2002
CX
T-52.34
PCity Power & Light
LBills:Cable-Satellite Television
^
D1/30'2002
CX
T-1,928.11
PMortgage Co
^
D2/2'2002
CX
T1,039.98
PAUTOMATIC DEPOSIT -- PAYROLL
LWages & Salary
^
D2/4'2002
CX
T-130.00
PElectric Company
LBills:Electricity
^
D2/5'2002
CX
T-24.00
PThe Gym
LBills:Health Club
^
D2/7'2002
CX
T-60.00
PThe Water Company
LBills:Water & Sewer
^
D2/8'2002
CX
T-24.00
PThe Gym
LBills:Health Club
^
D2/13'2002
CX
T-130.00
PElectric Company
LBills:Electricity
^
D2/14'2002
CX
T-648.60
PMortgage Co
^
D2/15'2002
CX
T-150.00
PHumongous Insurance
LInsurance:Automobile
^
D2/17'2002
CX
T1,039.98
PAUTOMATIC DEPOSIT -- PAYROLL
LWages & Salary
^
D2/20'2002
CX
T1,645.86
PAUTOMATIC DEPOSIT -- PAYROLL
LWages & Salary
^
D2/22'2002
CX
T-350.00
PAuto Loan Company
LAutomobile:Car Payment
^
D2/28'2002
CX
T-1,370.25
PWoodgrove Bank Credit Card
L[Woodgrove Bank Credit Card]
^
D3/2'2002
CX
T-1,928.11
PMortgage Co
^
D3/5'2002
CX
T1,039.98
PAUTOMATIC DEPOSIT -- PAYROLL
LWages & Salary
^
D3/8'2002
CX
T-24.00
PThe Gym
LBills:Health Club
^
D3/10'2002
CX
T-350.00
PAuto Loan Company
LAutomobile:Car Payment
^
D3/10'2002
CX
T-60.00
PThe Water Company
LBills:Water & Sewer
^
D3/16'2002
CX
T-130.00
PElectric Company
LBills:Electricity
^
D3/20'2002
CX
T1,039.98
PAUTOMATIC DEPOSIT -- PAYROLL
LWages & Salary
^
D3/23'2002
CX
T1,645.86
PAUTOMATIC DEPOSIT -- PAYROLL
LWages & Salary
^
D3/25'2002
CX
T-350.00
PAuto Loan Company
LAutomobile:Car Payment
^
D3/31'2002
CX
T-533.72
PWoodgrove Bank Credit Card
L[Woodgrove Bank Credit Card]
^
D4/4'2002
CX
T1,039.98
PAUTOMATIC DEPOSIT -- PAYROLL
LWages & Salary
^
D4/6'2002
CX
T-24.00
PThe Gym
LBills:Health Club
^
D4/9'2002
CX
T-60.00
PThe Water Company
LBills:Water & Sewer
^
D4/15'2002
CX
T-130.00
PElectric Company
LBills:Electricity
^
D4/15'2002
CX
Mrainy day
T-2,000.00
PAmy Anderson
L[Woodgrove Bank Savings]
^
D4/19'2002
CX
T1,039.98
PAUTOMATIC DEPOSIT -- PAYROLL
LWages & Salary
^
D4/22'2002
CX
T1,645.86
PAUTOMATIC DEPOSIT -- PAYROLL
LWages & Salary
^
D4/24'2002
CX
T-350.00
PAuto Loan Company
LAutomobile:Car Payment
^
D4/30'2002
CX
T-1,417.01
PWoodgrove Bank Credit Card
L[Woodgrove Bank Credit Card]
^
D5/2'2002
CX
T-1,928.11
PMortgage Co
^
D5/5'2002
CX
T1,039.98
PAUTOMATIC DEPOSIT -- PAYROLL
LWages & Salary
^
D5/8'2002
CX
T-24.00
PThe Gym
LBills:Health Club
^
D5/10'2002
CX
T-350.00
PAuto Loan Company
LAutomobile:Car Payment
^
D5/10'2002
CX
T-60.00
PThe Water Company
LBills:Water & Sewer
^
D5/20'2002
CX
T1,039.98
PAUTOMATIC DEPOSIT -- PAYROLL
LWages & Salary
^
D5/23'2002
CX
T1,645.86
PAUTOMATIC DEPOSIT -- PAYROLL
LWages & Salary
^
D5/25'2002
CX
T-350.00
PAuto Loan Company
LAutomobile:Car Payment
^
D5/31'2002
CX
T-720.63
PWoodgrove Bank Credit Card
L[Woodgrove Bank Credit Card]
^
D5/31'2002
CX
T-184.51
PAuto Loan Company
LAutomobile:Maintenance
^
D6/15'2002
CX
T-130.00
PElectric Company
LBills:Electricity
^
D6/30'2002
CX
T-892.16
PWoodgrove Bank Credit Card
L[Woodgrove Bank Credit Card]
^
D7/7'2002
CX
T-130.00
PElectric Company
LBills:Electricity
^
D7/10'2002
CX
T-60.00
PThe Water Company
LBills:Water & Sewer
^
D7/11'2002
CX
T-24.00
PThe Gym
LBills:Health Club
^
D7/16'2002
CX
Mrainy day
T-1,000.00
PAmy Anderson
L[Woodgrove Bank Savings]
^
D7/17'2002
CX
T-648.60
PMortgage Co
LXfer to Deleted Account
SXfer to Deleted Account
EPrincipal
$-648.60
SLoan:Mortgage Interest
EInterest
$0.00
^
D7/20'2002
CX
T1,039.98
PAUTOMATIC DEPOSIT -- PAYROLL
LWages & Salary:Gross Pay
SWages & Salary:Gross Pay
$1,416.67
STaxes:Federal Income Tax
$-225.00
STaxes:Social Security Tax
$-113.37
STaxes:Medicare Tax
$-38.32
^
D7/23'2002
CX
T1,645.86
PAUTOMATIC DEPOSIT -- PAYROLL
LWages & Salary
^
D7/25'2002
CX
T-350.00
PAuto Loan Company
LAutomobile:Car Payment
^
D7/31'2002
CX
T-2,891.31
PWoodgrove Bank Credit Card
L[Woodgrove Bank Credit Card]
^
D8/5'2002
CX
T1,039.98
PAUTOMATIC DEPOSIT -- PAYROLL
LWages & Salary:Gross Pay
SWages & Salary:Gross Pay
$1,416.67
STaxes:Federal Income Tax
$-225.00
STaxes:Social Security Tax
$-113.37
STaxes:Medicare Tax
$-38.32
^
D8/7'2002
CX
T-24.00
PThe Gym
LBills:Health Club
^
D8/10'2002
CX
T-60.00
PThe Water Company
LBills:Water & Sewer
^
D8/16'2002
CX
T-130.00
PElectric Company
LBills:Electricity
^
D8/20'2002
CX
T1,039.98
PAUTOMATIC DEPOSIT -- PAYROLL
LWages & Salary:Gross Pay
SWages & Salary:Gross Pay
$1,416.67
STaxes:Federal Income Tax
$-225.00
STaxes:Social Security Tax
$-113.37
STaxes:Medicare Tax
$-38.32
^
D8/23'2002
CX
T1,645.86
PAUTOMATIC DEPOSIT -- PAYROLL
LWages & Salary
^
D8/25'2002
CX
T-350.00
PAuto Loan Company
LAutomobile:Car Payment
^
D8/29'2002
CX
T-933.85
PWoodgrove Bank Credit Card
L[Woodgrove Bank Credit Card]
^
D8/30'2002
CX
T-1,928.11
PMortgage Co
LHome Loan
SHome Loan
EPrincipal
$-371.79
SLoan:Mortgage Interest
EInterest
$-1,306.32
S[Escrow Account]
$-250.00
^
D9/2'2002
CX
T1,039.98
PAUTOMATIC DEPOSIT -- PAYROLL
LWages & Salary:Gross Pay
SWages & Salary:Gross Pay
$1,416.67
STaxes:Federal Income Tax
$-225.00
STaxes:Social Security Tax
$-113.37
STaxes:Medicare Tax
$-38.32
^
D9/5'2002
CX
T-24.00
PThe Gym
LBills:Health Club
^
D9/7'2002
CX
T-350.00
PAuto Loan Company
LAutomobile:Car Payment
^
D9/7'2002
CX
T-60.00
PThe Water Company
LBills:Water & Sewer
^
D9/13'2002
CX
T-130.00
PElectric Company
LBills:Electricity
^
D9/17'2002
CX
T1,039.98
PAUTOMATIC DEPOSIT -- PAYROLL
LWages & Salary:Gross Pay
SWages & Salary:Gross Pay
$1,416.67
STaxes:Federal Income Tax
$-225.00
STaxes:Social Security Tax
$-113.37
STaxes:Medicare Tax
$-38.32
^
D9/20'2002
CX
T1,645.86
PAUTOMATIC DEPOSIT -- PAYROLL
LWages & Salary
^
D9/22'2002
CX
T-350.00
PAuto Loan Company
LAutomobile:Car Payment
^
D9/28'2002
CX
T-1,202.16
PWoodgrove Bank Credit Card
L[Woodgrove Bank Credit Card]
^
D9/30'2002
CX
T-1,928.11
PMortgage Co
LHome Loan
SHome Loan
EPrincipal
$-374.15
SLoan:Mortgage Interest
EInterest
$-1,303.96
S[Escrow Account]
$-250.00
^
D10/3'2002
CX
T1,039.98
PAUTOMATIC DEPOSIT -- PAYROLL
LWages & Salary:Gross Pay
SWages & Salary:Gross Pay
$1,416.67
STaxes:Federal Income Tax
$-225.00
STaxes:Social Security Tax
$-113.37
STaxes:Medicare Tax
$-38.32
^
D10/6'2002
CX
T-24.00
PThe Gym
LBills:Health Club
^
D10/8'2002
CX
T-350.00
PAuto Loan Company
LAutomobile:Car Payment
^
D10/8'2002
CX
T-60.00
PThe Water Company
LBills:Water & Sewer
^
D10/14'2002
CX
T-130.00
PElectric Company
LBills:Electricity
^
D10/16'2002
CX
T-150.00
PHumongous Insurance
LInsurance:Automobile
^
D10/18'2002
CX
T1,039.98
PAUTOMATIC DEPOSIT -- PAYROLL
LWages & Salary:Gross Pay
SWages & Salary:Gross Pay
$1,416.67
STaxes:Federal Income Tax
$-225.00
STaxes:Social Security Tax
$-113.37
STaxes:Medicare Tax
$-38.32
^
D10/20'2002
T1,945.86
PAUTOMATIC DEPOSIT -- PAYROLL
LWages & Salary
^
D10/21'2002
T-24.95
PAdventure Works
LBills:Telephone
^
D10/22'2002
T-250.00
PAuto Loan Company
LAutomobile:Car Payment
^
D10/30'2002
T-52.34
PCity Power & Light
LBills:Cable-Satellite Television
^
D10/30'2002
T-200.00
PWoodgrove Bank Credit Card
L[Woodgrove Bank Credit Card]
^
D10/30'2002
T-1,928.11
PMortgage Co
LHome Loan
SHome Loan
EPrincipal
$-376.53
SLoan:Mortgage Interest
EInterest
$-1,301.58
S[Escrow Account]
$-250.00
^
D11/2'2002
T1,239.98
PAUTOMATIC DEPOSIT -- PAYROLL
LWages & Salary:Gross Pay
SWages & Salary:Gross Pay
$1,616.67
STaxes:Federal Income Tax
$-225.00
STaxes:Social Security Tax
$-113.37
STaxes:Medicare Tax
$-38.32
^
D11/4'2002
MSale
T-26.99
PThe Phone Company
LBills:Cellular
^
D11/5'2002
T-24.00
PThe Gym
LBills:Health Club
^
D11/7'2002
T-60.00
PThe Water Company
LBills:Water & Sewer
^
D11/13'2002
T-130.00
PElectric Company
LBills:Electricity
^
D11/17'2002
T1,239.98
PAUTOMATIC DEPOSIT -- PAYROLL
LWages & Salary:Gross Pay
SWages & Salary:Gross Pay
$1,616.67
STaxes:Federal Income Tax
$-225.00
STaxes:Social Security Tax
$-113.37
STaxes:Medicare Tax
$-38.32
^
D11/20'2002
T1,945.86
PAUTOMATIC DEPOSIT -- PAYROLL
LWages & Salary
^
D11/21'2002
T-24.95
PAdventure Works
LBills:Telephone
^
D11/22'2002
T-250.00
PAuto Loan Company
LAutomobile:Car Payment
^
D11/30'2002
T-52.34
PCity Power & Light
LBills:Cable-Satellite Television
^
D11/30'2002
T-200.00
PWoodgrove Bank Credit Card
L[Woodgrove Bank Credit Card]
^
D11/30'2002
T-1,928.11
PMortgage Co
LHome Loan
SHome Loan
EPrincipal
$-378.92
SLoan:Mortgage Interest
EInterest
$-1,299.19
S[Escrow Account]
$-250.00
^
D12/2'2002
T1,239.98
PAUTOMATIC DEPOSIT -- PAYROLL
LWages & Salary:Gross Pay
SWages & Salary:Gross Pay
$1,616.67
STaxes:Federal Income Tax
$-225.00
STaxes:Social Security Tax
$-113.37
STaxes:Medicare Tax
$-38.32
^
D12/4'2002
MSale
T-26.99
PThe Phone Company
LBills:Cellular
^
D12/5'2002
T-24.00
PThe Gym
LBills:Health Club
^
D12/7'2002
T-60.00
PThe Water Company
LBills:Water & Sewer
^
D12/13'2002
T-130.00
PElectric Company
LBills:Electricity
^
D12/17'2002
T1,239.98
PAUTOMATIC DEPOSIT -- PAYROLL
LWages & Salary:Gross Pay
SWages & Salary:Gross Pay
$1,616.67
STaxes:Federal Income Tax
$-225.00
STaxes:Social Security Tax
$-113.37
STaxes:Medicare Tax
$-38.32
^
D12/20'2002
T1,945.86
PAUTOMATIC DEPOSIT -- PAYROLL
LWages & Salary
^
D12/21'2002
T-24.95
PAdventure Works
LBills:Telephone
^
D12/22'2002
T-250.00
PAuto Loan Company
LAutomobile:Car Payment
^
D12/30'2002
T-52.34
PCity Power & Light
LBills:Cable-Satellite Television
^
D12/30'2002
T-200.00
PWoodgrove Bank Credit Card
L[Woodgrove Bank Credit Card]
^
D12/30'2002
T-1,928.11
PMortgage Co
LHome Loan
SHome Loan
EPrincipal
$-381.33
SLoan:Mortgage Interest
EInterest
$-1,296.78
S[Escrow Account]
$-250.00
^
D1/2'2003
T1,239.98
PAUTOMATIC DEPOSIT -- PAYROLL
LWages & Salary:Gross Pay
SWages & Salary:Gross Pay
$1,616.67
STaxes:Federal Income Tax
$-225.00
STaxes:Social Security Tax
$-113.37
STaxes:Medicare Tax
$-38.32
^
D1/4'2003
MSale
T-26.99
PThe Phone Company
LBills:Cellular
^
D1/5'2003
T-24.00
PThe Gym
LBills:Health Club
^
D1/7'2003
T-60.00
PThe Water Company
LBills:Water & Sewer
^
D1/13'2003
T-130.00
PElectric Company
LBills:Electricity
^
D1/17'2003
T1,239.98
PAUTOMATIC DEPOSIT -- PAYROLL
LWages & Salary:Gross Pay
SWages & Salary:Gross Pay
$1,616.67
STaxes:Federal Income Tax
$-225.00
STaxes:Social Security Tax
$-113.37
STaxes:Medicare Tax
$-38.32
^
D1/20'2003
T1,945.86
PAUTOMATIC DEPOSIT -- PAYROLL
LWages & Salary
^
D1/21'2003
T-24.95
PAdventure Works
LBills:Telephone
^
D1/22'2003
T-250.00
PAuto Loan Company
LAutomobile:Car Payment
^
D1/30'2003
T-52.34
PCity Power & Light
LBills:Cable-Satellite Television
^
D1/30'2003
T-200.00
PWoodgrove Bank Credit Card
L[Woodgrove Bank Credit Card]
^
D1/30'2003
T-1,928.11
PMortgage Co
LHome Loan
SHome Loan
EPrincipal
$-383.75
SLoan:Mortgage Interest
EInterest
$-1,294.36
S[Escrow Account]
$-250.00
^
D2/2'2003
T1,239.98
PAUTOMATIC DEPOSIT -- PAYROLL
LWages & Salary:Gross Pay
SWages & Salary:Gross Pay
$1,616.67
STaxes:Federal Income Tax
$-225.00
STaxes:Social Security Tax
$-113.37
STaxes:Medicare Tax
$-38.32
^
D2/4'2003
MSale
T-26.99
PThe Phone Company
LBills:Cellular
^
D2/5'2003
T-24.00
PThe Gym
LBills:Health Club
^
D2/7'2003
T-60.00
PThe Water Company
LBills:Water & Sewer
^
D2/13'2003
T-130.00
PElectric Company
LBills:Electricity
^
D2/17'2003
T1,239.98
PAUTOMATIC DEPOSIT -- PAYROLL
LWages & Salary:Gross Pay
SWages & Salary:Gross Pay
$1,616.67
STaxes:Federal Income Tax
$-225.00
STaxes:Social Security Tax
$-113.37
STaxes:Medicare Tax
$-38.32
^
D2/20'2003
T1,945.86
PAUTOMATIC DEPOSIT -- PAYROLL
LWages & Salary
^
D2/21'2003
T-24.95
PAdventure Works
LBills:Telephone
^
D2/22'2003
T-250.00
PAuto Loan Company
LAutomobile:Car Payment
^
D2/28'2003
T-52.34
PCity Power & Light
LBills:Cable-Satellite Television
^
D2/28'2003
T-200.00
PWoodgrove Bank Credit Card
L[Woodgrove Bank Credit Card]
^
D2/28'2003
T-1,928.11
PMortgage Co
LHome Loan
SHome Loan
EPrincipal
$-386.19
SLoan:Mortgage Interest
EInterest
$-1,291.92
S[Escrow Account]
$-250.00
^
D3/2'2003
T1,239.98
PAUTOMATIC DEPOSIT -- PAYROLL
LWages & Salary:Gross Pay
SWages & Salary:Gross Pay
$1,616.67
STaxes:Federal Income Tax
$-225.00
STaxes:Social Security Tax
$-113.37
STaxes:Medicare Tax
$-38.32
^
D3/4'2003
MSale
T-26.99
PThe Phone Company
LBills:Cellular
^
D3/5'2003
T-24.00
PThe Gym
LBills:Health Club
^
D3/7'2003
T-60.00
PThe Water Company
LBills:Water & Sewer
^
D3/13'2003
T-130.00
PElectric Company
LBills:Electricity
^
D3/17'2003
T1,239.98
PAUTOMATIC DEPOSIT -- PAYROLL
LWages & Salary:Gross Pay
SWages & Salary:Gross Pay
$1,616.67
STaxes:Federal Income Tax
$-225.00
STaxes:Social Security Tax
$-113.37
STaxes:Medicare Tax
$-38.32
^
D3/20'2003
T1,945.86
PAUTOMATIC DEPOSIT -- PAYROLL
LWages & Salary
^
D3/21'2003
T-24.95
PAdventure Works
LBills:Telephone
^
D3/22'2003
T-250.00
PAuto Loan Company
LAutomobile:Car Payment
^
D3/30'2003
T-52.34
PCity Power & Light
LBills:Cable-Satellite Television
^
D3/30'2003
T-200.00
PWoodgrove Bank Credit Card
L[Woodgrove Bank Credit Card]
^
D3/30'2003
T-1,928.11
PMortgage Co
LHome Loan
SHome Loan
EPrincipal
$-388.64
SLoan:Mortgage Interest
EInterest
$-1,289.47
S[Escrow Account]
$-250.00
^
D4/2'2003
T1,239.98
PAUTOMATIC DEPOSIT -- PAYROLL
LWages & Salary:Gross Pay
SWages & Salary:Gross Pay
$1,616.67
STaxes:Federal Income Tax
$-225.00
STaxes:Social Security Tax
$-113.37
STaxes:Medicare Tax
$-38.32
^
D4/4'2003
MSale
T-26.99
PThe Phone Company
LBills:Cellular
^
D4/5'2003
T-24.00
PThe Gym
LBills:Health Club
^
D4/7'2003
T-60.00
PThe Water Company
LBills:Water & Sewer
^
D4/13'2003
T-130.00
PElectric Company
LBills:Electricity
^
D4/17'2003
T1,239.98
PAUTOMATIC DEPOSIT -- PAYROLL
LWages & Salary:Gross Pay
SWages & Salary:Gross Pay
$1,616.67
STaxes:Federal Income Tax
$-225.00
STaxes:Social Security Tax
$-113.37
STaxes:Medicare Tax
$-38.32
^
D4/20'2003
T1,945.86
PAUTOMATIC DEPOSIT -- PAYROLL
LWages & Salary
^
D4/21'2003
T-24.95
PAdventure Works
LBills:Telephone
^
D4/22'2003
T-250.00
PAuto Loan Company
LAutomobile:Car Payment
^
D4/30'2003
T-52.34
PCity Power & Light
LBills:Cable-Satellite Television
^
D4/30'2003
T-200.00
PWoodgrove Bank Credit Card
L[Woodgrove Bank Credit Card]
^
D4/30'2003
T-1,928.11
PMortgage Co
LHome Loan
SHome Loan
EPrincipal
$-391.11
SLoan:Mortgage Interest
EInterest
$-1,287.00
S[Escrow Account]
$-250.00
^
D5/2'2003
T1,239.98
PAUTOMATIC DEPOSIT -- PAYROLL
LWages & Salary:Gross Pay
SWages & Salary:Gross Pay
$1,616.67
STaxes:Federal Income Tax
$-225.00
STaxes:Social Security Tax
$-113.37
STaxes:Medicare Tax
$-38.32
^
D5/4'2003
MSale
T-26.99
PThe Phone Company
LBills:Cellular
^
D5/5'2003
T-24.00
PThe Gym
LBills:Health Club
^
D5/7'2003
T-60.00
PThe Water Company
LBills:Water & Sewer
^
D5/13'2003
T-130.00
PElectric Company
LBills:Electricity
^
D5/17'2003
T1,239.98
PAUTOMATIC DEPOSIT -- PAYROLL
LWages & Salary:Gross Pay
SWages & Salary:Gross Pay
$1,616.67
STaxes:Federal Income Tax
$-225.00
STaxes:Social Security Tax
$-113.37
STaxes:Medicare Tax
$-38.32
^
D5/20'2003
T1,945.86
PAUTOMATIC DEPOSIT -- PAYROLL
LWages & Salary
^
D5/21'2003
T-24.95
PAdventure Works
LBills:Telephone
^
D5/22'2003
T-250.00
PAuto Loan Company
LAutomobile:Car Payment
^
D5/30'2003
T-52.34
PCity Power & Light
LBills:Cable-Satellite Television
^
D5/30'2003
T-200.00
PWoodgrove Bank Credit Card
L[Woodgrove Bank Credit Card]
^
D5/30'2003
T-1,928.11
PMortgage Co
LHome Loan
SHome Loan
EPrincipal
$-393.60
SLoan:Mortgage Interest
EInterest
$-1,284.51
S[Escrow Account]
$-250.00
^
D6/2'2003
T1,175.31
PAUTOMATIC DEPOSIT -- PAYROLL
LWages & Salary:Gross Pay
SWages & Salary:Gross Pay
$1,616.67
STaxes:Federal Income Tax
$-225.00
STaxes:Social Security Tax
$-113.37
STaxes:Medicare Tax
$-38.32
S[Charlie's 401(k) (Contributions)]
E401k withdrawl
$-64.67
^
D6/4'2003
MSale
T-26.99
PThe Phone Company
LBills:Cellular
^
D6/5'2003
T-24.00
PThe Gym
LBills:Health Club
^
D6/7'2003
T-60.00
PThe Water Company
LBills:Water & Sewer
^
D6/13'2003
T-130.00
PElectric Company
LBills:Electricity
^
D6/17'2003
T1,175.31
PAUTOMATIC DEPOSIT -- PAYROLL
LWages & Salary:Gross Pay
SWages & Salary:Gross Pay
$1,616.67
STaxes:Federal Income Tax
$-225.00
STaxes:Social Security Tax
$-113.37
STaxes:Medicare Tax
$-38.32
S[Charlie's 401(k) (Contributions)]
E401k withdrawl
$-64.67
^
D6/20'2003
T1,945.86
PAUTOMATIC DEPOSIT -- PAYROLL
LWages & Salary
^
D6/21'2003
T-24.95
PAdventure Works
LBills:Telephone
^
D6/22'2003
T-250.00
PAuto Loan Company
LAutomobile:Car Payment
^
D6/30'2003
T-52.34
PCity Power & Light
LBills:Cable-Satellite Television
^
D6/30'2003
T-200.00
PWoodgrove Bank Credit Card
L[Woodgrove Bank Credit Card]
^
D6/30'2003
T-1,928.11
PMortgage Co
LHome Loan
SHome Loan
EPrincipal
$-396.10
SLoan:Mortgage Interest
EInterest
$-1,282.01
S[Escrow Account]
$-250.00
^
D7/1'2003
T-100.00
PAUTOMATIC TRANSFER
L[Woodgrove Bank Savings]
^
D7/1'2003
T-40.00
PThe Gas Company
LBills:Natural Gas-Oil
^
D7/2'2003
T1,175.31
PAUTOMATIC DEPOSIT -- PAYROLL
LWages & Salary:Gross Pay
SWages & Salary:Gross Pay
$1,616.67
STaxes:Federal Income Tax
$-225.00
STaxes:Social Security Tax
$-113.37
STaxes:Medicare Tax
$-38.32
S[Charlie's 401(k) (Contributions)]
E401k withdrawl
$-64.67
^
D7/4'2003
MSale
T-26.99
PThe Phone Company
LBills:Cellular
^
D7/5'2003
T-24.00
PThe Gym
LBills:Health Club
^
D7/7'2003
T-60.00
PThe Water Company
LBills:Water & Sewer
^
D7/13'2003
T-130.00
PElectric Company
LBills:Electricity
^
D7/16'2003
T-100.00
L[Woodgrove Bank Savings]
^
D7/17'2003
T1,175.31
PAUTOMATIC DEPOSIT -- PAYROLL
LWages & Salary:Gross Pay
SWages & Salary:Gross Pay
$1,616.67
STaxes:Federal Income Tax
$-225.00
STaxes:Social Security Tax
$-113.37
STaxes:Medicare Tax
$-38.32
S[Charlie's 401(k) (Contributions)]
E401k withdrawl
$-64.67
^
D7/20'2003
T1,945.86
PAUTOMATIC DEPOSIT -- PAYROLL
LWages & Salary
^
D7/21'2003
T-24.95
PAdventure Works
LBills:Telephone
^
D7/22'2003
T-250.00
PAuto Loan Company
LAutomobile:Car Payment
^
D7/30'2003
T-52.34
PCity Power & Light
LBills:Cable-Satellite Television
^
D7/30'2003
T-200.00
PWoodgrove Bank Credit Card
L[Woodgrove Bank Credit Card]
^
D7/30'2003
T-1,928.11
PMortgage Co
LHome Loan
SHome Loan
EPrincipal
$-398.62
SLoan:Mortgage Interest
EInterest
$-1,279.49
S[Escrow Account]
$-250.00
^
D8/1'2003
T-100.00
L[Woodgrove Bank Savings]
^
D8/1'2003
T-40.00
PThe Gas Company
LBills:Natural Gas-Oil
^
D8/2'2003
T1,175.31
PAUTOMATIC DEPOSIT -- PAYROLL
LWages & Salary:Gross Pay
SWages & Salary:Gross Pay
$1,616.67
STaxes:Federal Income Tax
$-225.00
STaxes:Social Security Tax
$-113.37
STaxes:Medicare Tax
$-38.32
S[Charlie's 401(k) (Contributions)]
E401k withdrawl
$-64.67
^
D8/4'2003
MSale
T-26.99
PThe Phone Company
LBills:Cellular
^
D8/5'2003
T-24.00
PThe Gym
LBills:Health Club
^
D8/7'2003
T-60.00
PThe Water Company
LBills:Water & Sewer
^
D8/13'2003
T-130.00
PElectric Company
LBills:Electricity
^
D8/16'2003
T-100.00
L[Woodgrove Bank Savings]
^
D8/17'2003
T1,175.31
PAUTOMATIC DEPOSIT -- PAYROLL
LWages & Salary:Gross Pay
SWages & Salary:Gross Pay
$1,616.67
STaxes:Federal Income Tax
$-225.00
STaxes:Social Security Tax
$-113.37
STaxes:Medicare Tax
$-38.32
S[Charlie's 401(k) (Contributions)]
E401k withdrawl
$-64.67
^
D8/20'2003
T1,945.86
PAUTOMATIC DEPOSIT -- PAYROLL
LWages & Salary
^
D8/21'2003
T-24.95
PAdventure Works
LBills:Telephone
^
D8/22'2003
T-250.00
PAuto Loan Company
LAutomobile:Car Payment
^
D8/30'2003
T-52.34
PCity Power & Light
LBills:Cable-Satellite Television
^
D8/30'2003
T-200.00
PWoodgrove Bank Credit Card
L[Woodgrove Bank Credit Card]
^
D8/30'2003
T-1,928.11
PMortgage Co
LHome Loan
SHome Loan
EPrincipal
$-401.15
SLoan:Mortgage Interest
EInterest
$-1,276.96
S[Escrow Account]
$-250.00
^
D9/1'2003
T-100.00
L[Woodgrove Bank Savings]
^
D9/1'2003
T-40.00
PThe Gas Company
LBills:Natural Gas-Oil
^
D9/2'2003
T1,175.31
PAUTOMATIC DEPOSIT -- PAYROLL
LWages & Salary:Gross Pay
SWages & Salary:Gross Pay
$1,616.67
STaxes:Federal Income Tax
$-225.00
STaxes:Social Security Tax
$-113.37
STaxes:Medicare Tax
$-38.32
S[Charlie's 401(k) (Contributions)]
E401k withdrawl
$-64.67
^
D9/4'2003
MSale
T-26.99
PThe Phone Company
LBills:Cellular
^
D9/5'2003
T-24.00
PThe Gym
LBills:Health Club
^
D9/7'2003
T-60.00
PThe Water Company
LBills:Water & Sewer
^
D9/13'2003
T-130.00
PElectric Company
LBills:Electricity
^
D9/16'2003
T-100.00
L[Woodgrove Bank Savings]
^
D9/17'2003
T1,175.31
PAUTOMATIC DEPOSIT -- PAYROLL
LWages & Salary:Gross Pay
SWages & Salary:Gross Pay
$1,616.67
STaxes:Federal Income Tax
$-225.00
STaxes:Social Security Tax
$-113.37
STaxes:Medicare Tax
$-38.32
S[Charlie's 401(k) (Contributions)]
E401k withdrawl
$-64.67
^
D9/20'2003
T1,945.86
PAUTOMATIC DEPOSIT -- PAYROLL
LWages & Salary
^
D9/21'2003
T-24.95
PAdventure Works
LBills:Telephone
^
D9/22'2003
T-250.00
PAuto Loan Company
LAutomobile:Car Payment
^
D9/30'2003
T-52.34
PCity Power & Light
LBills:Cable-Satellite Television
^
D9/30'2003
T-200.00
PWoodgrove Bank Credit Card
L[Woodgrove Bank Credit Card]
^
D9/30'2003
T-1,928.11
PMortgage Co
LHome Loan
SHome Loan
EPrincipal
$-403.70
SLoan:Mortgage Interest
EInterest
$-1,274.41
S[Escrow Account]
$-250.00
^
D10/1'2003
T-100.00
L[Woodgrove Bank Savings]
^
D10/1'2003
T-40.00
PThe Gas Company
LBills:Natural Gas-Oil
^
D10/2'2003
T1,175.31
PAUTOMATIC DEPOSIT -- PAYROLL
LWages & Salary:Gross Pay
SWages & Salary:Gross Pay
$1,616.67
STaxes:Federal Income Tax
$-225.00
STaxes:Social Security Tax
$-113.37
STaxes:Medicare Tax
$-38.32
S[Charlie's 401(k) (Contributions)]
E401k withdrawl
$-64.67
^
D10/4'2003
MSale
T-26.99
PThe Phone Company
LBills:Cellular
^
D10/5'2003
T-24.00
PThe Gym
LBills:Health Club
^
D10/7'2003
T-60.00
PThe Water Company
LBills:Water & Sewer
^
D10/13'2003
T-130.00
PElectric Company
LBills:Electricity
^
D10/16'2003
T-100.00
L[Woodgrove Bank Savings]
^
D10/17'2003
T1,175.31
PAUTOMATIC DEPOSIT -- PAYROLL
LWages & Salary:Gross Pay
SWages & Salary:Gross Pay
$1,616.67
STaxes:Federal Income Tax
$-225.00
STaxes:Social Security Tax
$-113.37
STaxes:Medicare Tax
$-38.32
S[Charlie's 401(k) (Contributions)]
E401k withdrawl
$-64.67
^
D10/20'2003
T1,945.86
PAUTOMATIC DEPOSIT -- PAYROLL
LWages & Salary
^
D10/21'2003
T-24.95
PAdventure Works
LBills:Telephone
^
D10/22'2003
T-250.00
PAuto Loan Company
LAutomobile:Car Payment
^
D10/30'2003
T-52.34
PCity Power & Light
LBills:Cable-Satellite Television
^
D10/30'2003
T-200.00
PWoodgrove Bank Credit Card
L[Woodgrove Bank Credit Card]
^
D10/30'2003
T-1,928.11
PMortgage Co
LHome Loan
SHome Loan
EPrincipal
$-406.26
SLoan:Mortgage Interest
EInterest
$-1,271.85
S[Escrow Account]
$-250.00
^
D11/1'2003
T-100.00
L[Woodgrove Bank Savings]
^
D11/1'2003
T-40.00
PThe Gas Company
LBills:Natural Gas-Oil
^
D11/2'2003
T1,175.31
PAUTOMATIC DEPOSIT -- PAYROLL
LWages & Salary:Gross Pay
SWages & Salary:Gross Pay
$1,616.67
STaxes:Federal Income Tax
$-225.00
STaxes:Social Security Tax
$-113.37
STaxes:Medicare Tax
$-38.32
S[Charlie's 401(k) (Contributions)]
E401k withdrawl
$-64.67
^
D11/4'2003
MSale
T-26.99
PThe Phone Company
LBills:Cellular
^
D11/5'2003
T-24.00
PThe Gym
LBills:Health Club
^
D11/7'2003
T-60.00
PThe Water Company
LBills:Water & Sewer
^
D11/13'2003
T-130.00
PElectric Company
LBills:Electricity
^
D11/16'2003
T-100.00
L[Woodgrove Bank Savings]
^
D11/17'2003
T1,175.31
PAUTOMATIC DEPOSIT -- PAYROLL
LWages & Salary:Gross Pay
SWages & Salary:Gross Pay
$1,616.67
STaxes:Federal Income Tax
$-225.00
STaxes:Social Security Tax
$-113.37
STaxes:Medicare Tax
$-38.32
S[Charlie's 401(k) (Contributions)]
E401k withdrawl
$-64.67
^
D11/20'2003
T1,945.86
PAUTOMATIC DEPOSIT -- PAYROLL
LWages & Salary
^
D11/21'2003
T-24.95
PAdventure Works
LBills:Telephone
^
D11/22'2003
T-250.00
PAuto Loan Company
LAutomobile:Car Payment
^
D11/30'2003
T-52.34
PCity Power & Light
LBills:Cable-Satellite Television
^
D11/30'2003
T-200.00
PWoodgrove Bank Credit Card
L[Woodgrove Bank Credit Card]
^
D11/30'2003
T-1,928.11
PMortgage Co
LHome Loan
SHome Loan
EPrincipal
$-408.84
SLoan:Mortgage Interest
EInterest
$-1,269.27
S[Escrow Account]
$-250.00
^
D12/1'2003
T-100.00
L[Woodgrove Bank Savings]
^
D12/1'2003
T-40.00
PThe Gas Company
LBills:Natural Gas-Oil
^
D12/2'2003
T1,175.31
PAUTOMATIC DEPOSIT -- PAYROLL
LWages & Salary:Gross Pay
SWages & Salary:Gross Pay
$1,616.67
STaxes:Federal Income Tax
$-225.00
STaxes:Social Security Tax
$-113.37
STaxes:Medicare Tax
$-38.32
S[Charlie's 401(k) (Contributions)]
E401k withdrawl
$-64.67
^
D12/4'2003
MSale
T-26.99
PThe Phone Company
LBills:Cellular
^
D12/5'2003
T-24.00
PThe Gym
LBills:Health Club
^
D12/7'2003
T-60.00
PThe Water Company
LBills:Water & Sewer
^
D12/13'2003
T-130.00
PElectric Company
LBills:Electricity
^
D12/16'2003
T-100.00
L[Woodgrove Bank Savings]
^
D12/17'2003
T1,175.31
PAUTOMATIC DEPOSIT -- PAYROLL
LWages & Salary:Gross Pay
SWages & Salary:Gross Pay
$1,616.67
STaxes:Federal Income Tax
$-225.00
STaxes:Social Security Tax
$-113.37
STaxes:Medicare Tax
$-38.32
S[Charlie's 401(k) (Contributions)]
E401k withdrawl
$-64.67
^
D12/20'2003
T1,945.86
PAUTOMATIC DEPOSIT -- PAYROLL
LWages & Salary
^
D12/21'2003
T-24.95
PAdventure Works
LBills:Telephone
^
D12/22'2003
T-250.00
PAuto Loan Company
LAutomobile:Car Payment
^
D12/30'2003
T-52.34
PCity Power & Light
LBills:Cable-Satellite Television
^
D12/30'2003
T-200.00
PWoodgrove Bank Credit Card
L[Woodgrove Bank Credit Card]
^
D12/30'2003
T-1,928.11
PMortgage Co
LHome Loan
SHome Loan
EPrincipal
$-411.44
SLoan:Mortgage Interest
EInterest
$-1,266.67
S[Escrow Account]
$-250.00
^
D1/1'2004
T-100.00
L[Woodgrove Bank Savings]
^
D1/1'2004
T-40.00
PThe Gas Company
LBills:Natural Gas-Oil
^
D1/2'2004
T1,175.31
PAUTOMATIC DEPOSIT -- PAYROLL
LWages & Salary:Gross Pay
SWages & Salary:Gross Pay
$1,616.67
STaxes:Federal Income Tax
$-225.00
STaxes:Social Security Tax
$-113.37
STaxes:Medicare Tax
$-38.32
S[Charlie's 401(k) (Contributions)]
E401k withdrawl
$-64.67
^
D1/4'2004
MSale
T-26.99
PThe Phone Company
LBills:Cellular
^
D1/5'2004
T-24.00
PThe Gym
LBills:Health Club
^
D1/7'2004
T-60.00
PThe Water Company
LBills:Water & Sewer
^
D1/13'2004
T-130.00
PElectric Company
LBills:Electricity
^
D1/16'2004
T-100.00
L[Woodgrove Bank Savings]
^
D1/17'2004
T1,175.31
PAUTOMATIC DEPOSIT -- PAYROLL
LWages & Salary:Gross Pay
SWages & Salary:Gross Pay
$1,616.67
STaxes:Federal Income Tax
$-225.00
STaxes:Social Security Tax
$-113.37
STaxes:Medicare Tax
$-38.32
S[Charlie's 401(k) (Contributions)]
E401k withdrawl
$-64.67
^
D1/20'2004
T1,945.86
PAUTOMATIC DEPOSIT -- PAYROLL
LWages & Salary
^
D1/21'2004
T-24.95
PAdventure Works
LBills:Telephone
^
D1/22'2004
T-250.00
PAuto Loan Company
LAutomobile:Car Payment
^
D1/30'2004
T-52.34
PCity Power & Light
LBills:Cable-Satellite Television
^
D1/30'2004
T-200.00
PWoodgrove Bank Credit Card
L[Woodgrove Bank Credit Card]
^
D1/30'2004
T-1,928.11
PMortgage Co
LHome Loan
SHome Loan
EPrincipal
$-414.05
SLoan:Mortgage Interest
EInterest
$-1,264.06
S[Escrow Account]
$-250.00
^
D2/1'2004
T-100.00
L[Woodgrove Bank Savings]
^
D2/1'2004
T-40.00
PThe Gas Company
LBills:Natural Gas-Oil
^
D2/2'2004
T1,175.31
PAUTOMATIC DEPOSIT -- PAYROLL
LWages & Salary:Gross Pay
SWages & Salary:Gross Pay
$1,616.67
STaxes:Federal Income Tax
$-225.00
STaxes:Social Security Tax
$-113.37
STaxes:Medicare Tax
$-38.32
S[Charlie's 401(k) (Contributions)]
E401k withdrawl
$-64.67
^
D2/4'2004
MSale
T-26.99
PThe Phone Company
LBills:Cellular
^
D2/5'2004
T-24.00
PThe Gym
LBills:Health Club
^
D2/7'2004
T-60.00
PThe Water Company
LBills:Water & Sewer
^
D2/13'2004
T-130.00
PElectric Company
LBills:Electricity
^
D2/16'2004
T-100.00
L[Woodgrove Bank Savings]
^
D2/17'2004
T1,175.31
PAUTOMATIC DEPOSIT -- PAYROLL
LWages & Salary:Gross Pay
SWages & Salary:Gross Pay
$1,616.67
STaxes:Federal Income Tax
$-225.00
STaxes:Social Security Tax
$-113.37
STaxes:Medicare Tax
$-38.32
S[Charlie's 401(k) (Contributions)]
E401k withdrawl
$-64.67
^
D2/20'2004
T1,945.86
PAUTOMATIC DEPOSIT -- PAYROLL
LWages & Salary
^
D2/21'2004
T-24.95
PAdventure Works
LBills:Telephone
^
D2/28'2004
T-52.34
PCity Power & Light
LBills:Cable-Satellite Television
^
D2/28'2004
T-200.00
PWoodgrove Bank Credit Card
L[Woodgrove Bank Credit Card]
^
D2/28'2004
T-1,928.11
PMortgage Co
LHome Loan
SHome Loan
EPrincipal
$-416.68
SLoan:Mortgage Interest
EInterest
$-1,261.43
S[Escrow Account]
$-250.00
^
D2/29'2004
T-100.00
L[Woodgrove Bank Savings]
^
D2/29'2004
T-40.00
PThe Gas Company
LBills:Natural Gas-Oil
^
D3/1'2004
T1,175.31
PAUTOMATIC DEPOSIT -- PAYROLL
LWages & Salary:Gross Pay
SWages & Salary:Gross Pay
$1,616.67
STaxes:Federal Income Tax
$-225.00
STaxes:Social Security Tax
$-113.37
STaxes:Medicare Tax
$-38.32
S[Charlie's 401(k) (Contributions)]
E401k withdrawl
$-64.67
^
D3/3'2004
MSale
T-26.99
PThe Phone Company
LBills:Cellular
^
D3/4'2004
T-24.00
PThe Gym
LBills:Health Club
^
D3/6'2004
T-60.00
PThe Water Company
LBills:Water & Sewer
^
D3/12'2004
T-130.00
PElectric Company
LBills:Electricity
^
D3/15'2004
T-100.00
L[Woodgrove Bank Savings]
^
D3/16'2004
T1,175.31
PAUTOMATIC DEPOSIT -- PAYROLL
LWages & Salary:Gross Pay
SWages & Salary:Gross Pay
$1,616.67
STaxes:Federal Income Tax
$-225.00
STaxes:Social Security Tax
$-113.37
STaxes:Medicare Tax
$-38.32
S[Charlie's 401(k) (Contributions)]
E401k withdrawl
$-64.67
^
D3/19'2004
T1,945.86
PAUTOMATIC DEPOSIT -- PAYROLL
LWages & Salary
^
D3/20'2004
T-24.95
PAdventure Works
LBills:Telephone
^
D3/29'2004
T-52.34
PCity Power & Light
LBills:Cable-Satellite Television
^
D3/29'2004
T-200.00
PWoodgrove Bank Credit Card
L[Woodgrove Bank Credit Card]
^
D3/29'2004
T-1,928.11
PMortgage Co
LHome Loan
SHome Loan
EPrincipal
$-419.33
SLoan:Mortgage Interest
EInterest
$-1,258.78
S[Escrow Account]
$-250.00
^
D3/31'2004
T-100.00
L[Woodgrove Bank Savings]
^
D3/31'2004
T-40.00
PThe Gas Company
LBills:Natural Gas-Oil
^
D4/1'2004
T1,175.31
PAUTOMATIC DEPOSIT -- PAYROLL
LWages & Salary:Gross Pay
SWages & Salary:Gross Pay
$1,616.67
STaxes:Federal Income Tax
$-225.00
STaxes:Social Security Tax
$-113.37
STaxes:Medicare Tax
$-38.32
S[Charlie's 401(k) (Contributions)]
E401k withdrawl
$-64.67
^
D4/3'2004
MSale
T-26.99
PThe Phone Company
LBills:Cellular
^
D4/4'2004
T-24.00
PThe Gym
LBills:Health Club
^
D4/6'2004
T-60.00
PThe Water Company
LBills:Water & Sewer
^
D4/12'2004
T-130.00
PElectric Company
LBills:Electricity
^
D4/15'2004
T-100.00
L[Woodgrove Bank Savings]
^
D4/16'2004
T1,175.31
PAUTOMATIC DEPOSIT -- PAYROLL
LWages & Salary:Gross Pay
SWages & Salary:Gross Pay
$1,616.67
STaxes:Federal Income Tax
$-225.00
STaxes:Social Security Tax
$-113.37
STaxes:Medicare Tax
$-38.32
S[Charlie's 401(k) (Contributions)]
E401k withdrawl
$-64.67
^
D4/19'2004
T1,945.86
PAUTOMATIC DEPOSIT -- PAYROLL
LWages & Salary
^
D4/20'2004
T-24.95
PAdventure Works
LBills:Telephone
^
D4/29'2004
T-52.34
PCity Power & Light
LBills:Cable-Satellite Television
^
D4/29'2004
T-200.00
PWoodgrove Bank Credit Card
L[Woodgrove Bank Credit Card]
^
D4/29'2004
T-1,928.11
PMortgage Co
LHome Loan
SHome Loan
EPrincipal
$-421.99
SLoan:Mortgage Interest
EInterest
$-1,256.12
S[Escrow Account]
$-250.00
^
D4/30'2004
T-40.00
PThe Gas Company
LBills:Natural Gas-Oil
^
D4/30'2004
T-100.00
L[Woodgrove Bank Savings]
^
D5/1'2004
T1,175.31
PAUTOMATIC DEPOSIT -- PAYROLL
LWages & Salary:Gross Pay
SWages & Salary:Gross Pay
$1,616.67
STaxes:Federal Income Tax
$-225.00
STaxes:Social Security Tax
$-113.37
STaxes:Medicare Tax
$-38.32
S[Charlie's 401(k) (Contributions)]
E401k withdrawl
$-64.67
^
D5/3'2004
MSale
T-26.99
PThe Phone Company
LBills:Cellular
^
D5/4'2004
T-24.00
PThe Gym
LBills:Health Club
^
D5/6'2004
T-60.00
PThe Water Company
LBills:Water & Sewer
^
D5/12'2004
T-130.00
PElectric Company
LBills:Electricity
^
D5/15'2004
T-100.00
L[Woodgrove Bank Savings]
^
D5/16'2004
T1,175.31
PAUTOMATIC DEPOSIT -- PAYROLL
LWages & Salary:Gross Pay
SWages & Salary:Gross Pay
$1,616.67
STaxes:Federal Income Tax
$-225.00
STaxes:Social Security Tax
$-113.37
STaxes:Medicare Tax
$-38.32
S[Charlie's 401(k) (Contributions)]
E401k withdrawl
$-64.67
^
D5/19'2004
T1,945.86
PAUTOMATIC DEPOSIT -- PAYROLL
LWages & Salary
^
D5/20'2004
T-24.95
PAdventure Works
LBills:Telephone
^
D5/29'2004
T-52.34
PCity Power & Light
LBills:Cable-Satellite Television
^
D5/29'2004
T-200.00
PWoodgrove Bank Credit Card
L[Woodgrove Bank Credit Card]
^
D5/29'2004
T-1,928.11
PMortgage Co
LHome Loan
SHome Loan
EPrincipal
$-424.68
SLoan:Mortgage Interest
EInterest
$-1,253.43
S[Escrow Account]
$-250.00
^
D5/31'2004
T-40.00
PThe Gas Company
LBills:Natural Gas-Oil
^
D5/31'2004
T-100.00
L[Woodgrove Bank Savings]
^
D6/1'2004
T1,175.31
PAUTOMATIC DEPOSIT -- PAYROLL
LWages & Salary:Gross Pay
SWages & Salary:Gross Pay
$1,616.67
STaxes:Federal Income Tax
$-225.00
STaxes:Social Security Tax
$-113.37
STaxes:Medicare Tax
$-38.32
S[Charlie's 401(k) (Contributions)]
E401k withdrawl
$-64.67
^
D6/3'2004
MSale
T-26.99
PThe Phone Company
LBills:Cellular
^
D6/4'2004
T-24.00
PThe Gym
LBills:Health Club
^
D6/6'2004
T-60.00
PThe Water Company
LBills:Water & Sewer
^
D6/12'2004
T-130.00
PElectric Company
LBills:Electricity
^
D6/15'2004
T-100.00
L[Woodgrove Bank Savings]
^
D6/16'2004
T1,175.31
PAUTOMATIC DEPOSIT -- PAYROLL
LWages & Salary:Gross Pay
SWages & Salary:Gross Pay
$1,616.67
STaxes:Federal Income Tax
$-225.00
STaxes:Social Security Tax
$-113.37
STaxes:Medicare Tax
$-38.32
S[Charlie's 401(k) (Contributions)]
E401k withdrawl
$-64.67
^
D6/19'2004
T1,945.86
PAUTOMATIC DEPOSIT -- PAYROLL
LWages & Salary
^
D6/20'2004
T-24.95
PAdventure Works
LBills:Telephone
^
D6/29'2004
T-52.34
PCity Power & Light
LBills:Cable-Satellite Television
^
D6/29'2004
T-200.00
PWoodgrove Bank Credit Card
L[Woodgrove Bank Credit Card]
^
D6/29'2004
T-1,928.11
PMortgage Co
LHome Loan
SHome Loan
EPrincipal
$-427.37
SLoan:Mortgage Interest
EInterest
$-1,250.74
S[Escrow Account]
$-250.00
^
D6/30'2004
T-40.00
PThe Gas Company
LBills:Natural Gas-Oil
^
D6/30'2004
T-100.00
L[Woodgrove Bank Savings]
^
D7/1'2004
T1,175.31
PAUTOMATIC DEPOSIT -- PAYROLL
LWages & Salary:Gross Pay
SWages & Salary:Gross Pay
$1,616.67
STaxes:Federal Income Tax
$-225.00
STaxes:Social Security Tax
$-113.37
STaxes:Medicare Tax
$-38.32
S[Charlie's 401(k) (Contributions)]
E401k withdrawl
$-64.67
^
D7/3'2004
MSale
T-26.99
PThe Phone Company
LBills:Cellular
^
D7/4'2004
T-24.00
PThe Gym
LBills:Health Club
^
D7/6'2004
T-60.00
PThe Water Company
LBills:Water & Sewer
^
D7/12'2004
T-130.00
PElectric Company
LBills:Electricity
^
D7/15'2004
T-100.00
L[Woodgrove Bank Savings]
^
D7/16'2004
T1,175.31
PAUTOMATIC DEPOSIT -- PAYROLL
LWages & Salary:Gross Pay
SWages & Salary:Gross Pay
$1,616.67
STaxes:Federal Income Tax
$-225.00
STaxes:Social Security Tax
$-113.37
STaxes:Medicare Tax
$-38.32
S[Charlie's 401(k) (Contributions)]
E401k withdrawl
$-64.67
^
D7/19'2004
T1,945.86
PAUTOMATIC DEPOSIT -- PAYROLL
LWages & Salary
^
D7/20'2004
T-24.95
PAdventure Works
LBills:Telephone
^
D7/29'2004
T-52.34
PCity Power & Light
LBills:Cable-Satellite Television
^
D7/29'2004
T-200.00
PWoodgrove Bank Credit Card
L[Woodgrove Bank Credit Card]
^
D7/29'2004
T-1,928.11
PMortgage Co
LHome Loan
SHome Loan
EPrincipal
$-430.09
SLoan:Mortgage Interest
EInterest
$-1,248.02
S[Escrow Account]
$-250.00
^
D7/31'2004
T-40.00
PThe Gas Company
LBills:Natural Gas-Oil
^
D7/31'2004
T-100.00
L[Woodgrove Bank Savings]
^
D8/1'2004
T1,175.31
PAUTOMATIC DEPOSIT -- PAYROLL
LWages & Salary:Gross Pay
SWages & Salary:Gross Pay
$1,616.67
STaxes:Federal Income Tax
$-225.00
STaxes:Social Security Tax
$-113.37
STaxes:Medicare Tax
$-38.32
S[Charlie's 401(k) (Contributions)]
E401k withdrawl
$-64.67
^
D8/3'2004
MSale
T-26.99
PThe Phone Company
LBills:Cellular
^
D8/4'2004
T-24.00
PThe Gym
LBills:Health Club
^
D8/6'2004
T-60.00
PThe Water Company
LBills:Water & Sewer
^
D8/12'2004
T-130.00
PElectric Company
LBills:Electricity
^
D8/15'2004
T-100.00
L[Woodgrove Bank Savings]
^
D8/16'2004
T1,175.31
PAUTOMATIC DEPOSIT -- PAYROLL
LWages & Salary:Gross Pay
SWages & Salary:Gross Pay
$1,616.67
STaxes:Federal Income Tax
$-225.00
STaxes:Social Security Tax
$-113.37
STaxes:Medicare Tax
$-38.32
S[Charlie's 401(k) (Contributions)]
E401k withdrawl
$-64.67
^
D8/19'2004
T1,945.86
PAUTOMATIC DEPOSIT -- PAYROLL
LWages & Salary
^
D8/20'2004
T-24.95
PAdventure Works
LBills:Telephone
^
D8/29'2004
T-52.34
PCity Power & Light
LBills:Cable-Satellite Television
^
D8/29'2004
T-200.00
PWoodgrove Bank Credit Card
L[Woodgrove Bank Credit Card]
^
D8/29'2004
T-1,928.11
PMortgage Co
LHome Loan
SHome Loan
EPrincipal
$-432.82
SLoan:Mortgage Interest
EInterest
$-1,245.29
S[Escrow Account]
$-250.00
^
D8/31'2004
T-40.00
PThe Gas Company
LBills:Natural Gas-Oil
^
D8/31'2004
T-100.00
L[Woodgrove Bank Savings]
^
D9/1'2004
T1,175.31
PAUTOMATIC DEPOSIT -- PAYROLL
LWages & Salary:Gross Pay
SWages & Salary:Gross Pay
$1,616.67
STaxes:Federal Income Tax
$-225.00
STaxes:Social Security Tax
$-113.37
STaxes:Medicare Tax
$-38.32
S[Charlie's 401(k) (Contributions)]
E401k withdrawl
$-64.67
^
D9/3'2004
MSale
T-26.99
PThe Phone Company
LBills:Cellular
^
D9/4'2004
T-24.00
PThe Gym
LBills:Health Club
^
D9/6'2004
T-60.00
PThe Water Company
LBills:Water & Sewer
^
D9/12'2004
T-130.00
PElectric Company
LBills:Electricity
^
D9/15'2004
T-100.00
L[Woodgrove Bank Savings]
^
D9/16'2004
T1,175.31
PAUTOMATIC DEPOSIT -- PAYROLL
LWages & Salary:Gross Pay
SWages & Salary:Gross Pay
$1,616.67
STaxes:Federal Income Tax
$-225.00
STaxes:Social Security Tax
$-113.37
STaxes:Medicare Tax
$-38.32
S[Charlie's 401(k) (Contributions)]
E401k withdrawl
$-64.67
^
D9/19'2004
T1,945.86
PAUTOMATIC DEPOSIT -- PAYROLL
LWages & Salary
^
D9/20'2004
T-24.95
PAdventure Works
LBills:Telephone
^
D9/29'2004
T-52.34
PCity Power & Light
LBills:Cable-Satellite Television
^
D9/29'2004
T-200.00
PWoodgrove Bank Credit Card
L[Woodgrove Bank Credit Card]
^
D9/29'2004
T-1,928.11
PMortgage Co
LHome Loan
SHome Loan
EPrincipal
$-435.57
SLoan:Mortgage Interest
EInterest
$-1,242.54
S[Escrow Account]
$-250.00
^
D9/30'2004
T-40.00
PThe Gas Company
LBills:Natural Gas-Oil
^
D9/30'2004
T-100.00
L[Woodgrove Bank Savings]
^
D10/1'2004
T1,175.31
PAUTOMATIC DEPOSIT -- PAYROLL
LWages & Salary:Gross Pay
SWages & Salary:Gross Pay
$1,616.67
STaxes:Federal Income Tax
$-225.00
STaxes:Social Security Tax
$-113.37
STaxes:Medicare Tax
$-38.32
S[Charlie's 401(k) (Contributions)]
E401k withdrawl
$-64.67
^
D10/3'2004
MSale
T-26.99
PThe Phone Company
LBills:Cellular
^
D10/4'2004
T-24.00
PThe Gym
LBills:Health Club
^
D10/6'2004
T-60.00
PThe Water Company
LBills:Water & Sewer
^
D10/12'2004
T-130.00
PElectric Company
LBills:Electricity
^
D10/15'2004
T-100.00
L[Woodgrove Bank Savings]
^
D10/16'2004
T1,175.31
PAUTOMATIC DEPOSIT -- PAYROLL
LWages & Salary:Gross Pay
SWages & Salary:Gross Pay
$1,616.67
STaxes:Federal Income Tax
$-225.00
STaxes:Social Security Tax
$-113.37
STaxes:Medicare Tax
$-38.32
S[Charlie's 401(k) (Contributions)]
E401k withdrawl
$-64.67
^
D10/19'2004
T1,945.86
PAUTOMATIC DEPOSIT -- PAYROLL
LWages & Salary
^
D10/20'2004
T-24.95
PAdventure Works
LBills:Telephone
^
D10/29'2004
T-52.34
PCity Power & Light
LBills:Cable-Satellite Television
^
D10/29'2004
T-200.00
PWoodgrove Bank Credit Card
L[Woodgrove Bank Credit Card]
^
D10/29'2004
T-1,928.11
PMortgage Co
LHome Loan
SHome Loan
EPrincipal
$-438.34
SLoan:Mortgage Interest
EInterest
$-1,239.77
S[Escrow Account]
$-250.00
^
D10/31'2004
T-40.00
PThe Gas Company
LBills:Natural Gas-Oil
^
D10/31'2004
T-100.00
L[Woodgrove Bank Savings]
^
D11/1'2004
T1,175.31
PAUTOMATIC DEPOSIT -- PAYROLL
LWages & Salary:Gross Pay
SWages & Salary:Gross Pay
$1,616.67
STaxes:Federal Income Tax
$-225.00
STaxes:Social Security Tax
$-113.37
STaxes:Medicare Tax
$-38.32
S[Charlie's 401(k) (Contributions)]
E401k withdrawl
$-64.67
^
D11/3'2004
MSale
T-26.99
PThe Phone Company
LBills:Cellular
^
D11/4'2004
T-24.00
PThe Gym
LBills:Health Club
^
D11/6'2004
T-60.00
PThe Water Company
LBills:Water & Sewer
^
D11/12'2004
T-130.00
PElectric Company
LBills:Electricity
^
D11/15'2004
T-100.00
L[Woodgrove Bank Savings]
^
D11/16'2004
T1,175.31
PAUTOMATIC DEPOSIT -- PAYROLL
LWages & Salary:Gross Pay
SWages & Salary:Gross Pay
$1,616.67
STaxes:Federal Income Tax
$-225.00
STaxes:Social Security Tax
$-113.37
STaxes:Medicare Tax
$-38.32
S[Charlie's 401(k) (Contributions)]
E401k withdrawl
$-64.67
^
D11/19'2004
T1,945.86
PAUTOMATIC DEPOSIT -- PAYROLL
LWages & Salary
^
D11/20'2004
T-24.95
PAdventure Works
LBills:Telephone
^
D11/29'2004
T-52.34
PCity Power & Light
LBills:Cable-Satellite Television
^
D11/29'2004
T-200.00
PWoodgrove Bank Credit Card
L[Woodgrove Bank Credit Card]
^
D11/29'2004
T-1,928.11
PMortgage Co
LHome Loan
SHome Loan
EPrincipal
$-441.12
SLoan:Mortgage Interest
EInterest
$-1,236.99
S[Escrow Account]
$-250.00
^
D11/30'2004
T-40.00
PThe Gas Company
LBills:Natural Gas-Oil
^
D11/30'2004
T-100.00
L[Woodgrove Bank Savings]
^
D12/1'2004
T1,175.31
PAUTOMATIC DEPOSIT -- PAYROLL
LWages & Salary:Gross Pay
SWages & Salary:Gross Pay
$1,616.67
STaxes:Federal Income Tax
$-225.00
STaxes:Social Security Tax
$-113.37
STaxes:Medicare Tax
$-38.32
S[Charlie's 401(k) (Contributions)]
E401k withdrawl
$-64.67
^
D12/3'2004
MSale
T-26.99
PThe Phone Company
LBills:Cellular
^
D12/4'2004
T-24.00
PThe Gym
LBills:Health Club
^
D12/6'2004
T-60.00
PThe Water Company
LBills:Water & Sewer
^
D12/12'2004
T-130.00
PElectric Company
LBills:Electricity
^
D12/15'2004
T-100.00
L[Woodgrove Bank Savings]
^
D12/16'2004
T1,175.31
PAUTOMATIC DEPOSIT -- PAYROLL
LWages & Salary:Gross Pay
SWages & Salary:Gross Pay
$1,616.67
STaxes:Federal Income Tax
$-225.00
STaxes:Social Security Tax
$-113.37
STaxes:Medicare Tax
$-38.32
S[Charlie's 401(k) (Contributions)]
E401k withdrawl
$-64.67
^
D12/19'2004
T1,945.86
PAUTOMATIC DEPOSIT -- PAYROLL
LWages & Salary
^
D12/20'2004
T-24.95
PAdventure Works
LBills:Telephone
^
D12/29'2004
T-52.34
PCity Power & Light
LBills:Cable-Satellite Television
^
D12/29'2004
T-200.00
PWoodgrove Bank Credit Card
L[Woodgrove Bank Credit Card]
^
D12/29'2004
T-1,928.11
PMortgage Co
LHome Loan
SHome Loan
EPrincipal
$-443.92
SLoan:Mortgage Interest
EInterest
$-1,234.19
S[Escrow Account]
$-250.00
^
D12/31'2004
T-40.00
PThe Gas Company
LBills:Natural Gas-Oil
^
D12/31'2004
T-100.00
L[Woodgrove Bank Savings]
^
D1/1'2005
T1,175.31
PAUTOMATIC DEPOSIT -- PAYROLL
LWages & Salary:Gross Pay
SWages & Salary:Gross Pay
$1,616.67
STaxes:Federal Income Tax
$-225.00
STaxes:Social Security Tax
$-113.37
STaxes:Medicare Tax
$-38.32
S[Charlie's 401(k) (Contributions)]
E401k withdrawl
$-64.67
^
D1/3'2005
MSale
T-26.99
PThe Phone Company
LBills:Cellular
^
D1/4'2005
T-24.00
PThe Gym
LBills:Health Club
^
D1/6'2005
T-60.00
PThe Water Company
LBills:Water & Sewer
^
D1/12'2005
T-130.00
PElectric Company
LBills:Electricity
^
D1/15'2005
T-100.00
L[Woodgrove Bank Savings]
^
D1/16'2005
T1,175.31
PAUTOMATIC DEPOSIT -- PAYROLL
LWages & Salary:Gross Pay
SWages & Salary:Gross Pay
$1,616.67
STaxes:Federal Income Tax
$-225.00
STaxes:Social Security Tax
$-113.37
STaxes:Medicare Tax
$-38.32
S[Charlie's 401(k) (Contributions)]
E401k withdrawl
$-64.67
^
D1/19'2005
T1,945.86
PAUTOMATIC DEPOSIT -- PAYROLL
LWages & Salary
^
D1/20'2005
T-24.95
PAdventure Works
LBills:Telephone
^
D1/29'2005
T-52.34
PCity Power & Light
LBills:Cable-Satellite Television
^
D1/29'2005
T-200.00
PWoodgrove Bank Credit Card
L[Woodgrove Bank Credit Card]
^
D1/29'2005
T-1,928.11
PMortgage Co
LHome Loan
SHome Loan
EPrincipal
$-446.74
SLoan:Mortgage Interest
EInterest
$-1,231.37
S[Escrow Account]
$-250.00
^
D1/31'2005
T-40.00
PThe Gas Company
LBills:Natural Gas-Oil
^
D1/31'2005
T-100.00
L[Woodgrove Bank Savings]
^
D2/1'2005
T1,175.31
PAUTOMATIC DEPOSIT -- PAYROLL
LWages & Salary:Gross Pay
SWages & Salary:Gross Pay
$1,616.67
STaxes:Federal Income Tax
$-225.00
STaxes:Social Security Tax
$-113.37
STaxes:Medicare Tax
$-38.32
S[Charlie's 401(k) (Contributions)]
E401k withdrawl
$-64.67
^
D2/3'2005
MSale
T-26.99
PThe Phone Company
LBills:Cellular
^
D2/4'2005
T-24.00
PThe Gym
LBills:Health Club
^
D2/6'2005
T-60.00
PThe Water Company
LBills:Water & Sewer
^
D2/12'2005
T-130.00
PElectric Company
LBills:Electricity
^
D2/15'2005
T-100.00
L[Woodgrove Bank Savings]
^
D2/16'2005
T1,175.31
PAUTOMATIC DEPOSIT -- PAYROLL
LWages & Salary:Gross Pay
SWages & Salary:Gross Pay
$1,616.67
STaxes:Federal Income Tax
$-225.00
STaxes:Social Security Tax
$-113.37
STaxes:Medicare Tax
$-38.32
S[Charlie's 401(k) (Contributions)]
E401k withdrawl
$-64.67
^
D2/19'2005
T1,945.86
PAUTOMATIC DEPOSIT -- PAYROLL
LWages & Salary
^
D2/20'2005
T-24.95
PAdventure Works
LBills:Telephone
^
D2/28'2005
T-52.34
PCity Power & Light
LBills:Cable-Satellite Television
^
D2/28'2005
T-200.00
PWoodgrove Bank Credit Card
L[Woodgrove Bank Credit Card]
^
D2/28'2005
T-1,928.11
PMortgage Co
LHome Loan
SHome Loan
EPrincipal
$-449.58
SLoan:Mortgage Interest
EInterest
$-1,228.53
S[Escrow Account]
$-250.00
^
D3/1'2005
T-40.00
PThe Gas Company
LBills:Natural Gas-Oil
^
D3/1'2005
T-100.00
L[Woodgrove Bank Savings]
^
D3/2'2005
T1,175.31
PAUTOMATIC DEPOSIT -- PAYROLL
LWages & Salary:Gross Pay
SWages & Salary:Gross Pay
$1,616.67
STaxes:Federal Income Tax
$-225.00
STaxes:Social Security Tax
$-113.37
STaxes:Medicare Tax
$-38.32
S[Charlie's 401(k) (Contributions)]
E401k withdrawl
$-64.67
^
D3/4'2005
MSale
T-26.99
PThe Phone Company
LBills:Cellular
^
D3/5'2005
T-24.00
PThe Gym
LBills:Health Club
^
D3/7'2005
T-60.00
PThe Water Company
LBills:Water & Sewer
^
D3/13'2005
T-130.00
PElectric Company
LBills:Electricity
^
D3/16'2005
T-100.00
L[Woodgrove Bank Savings]
^
D3/17'2005
T1,175.31
PAUTOMATIC DEPOSIT -- PAYROLL
LWages & Salary:Gross Pay
SWages & Salary:Gross Pay
$1,616.67
STaxes:Federal Income Tax
$-225.00
STaxes:Social Security Tax
$-113.37
STaxes:Medicare Tax
$-38.32
S[Charlie's 401(k) (Contributions)]
E401k withdrawl
$-64.67
^
D3/20'2005
T1,945.86
PAUTOMATIC DEPOSIT -- PAYROLL
LWages & Salary
^
D3/21'2005
T-24.95
PAdventure Works
LBills:Telephone
^
D3/30'2005
T-52.34
PCity Power & Light
LBills:Cable-Satellite Television
^
D3/30'2005
T-200.00
PWoodgrove Bank Credit Card
L[Woodgrove Bank Credit Card]
^
D3/30'2005
T-1,928.11
PMortgage Co
LHome Loan
SHome Loan
EPrincipal
$-452.44
SLoan:Mortgage Interest
EInterest
$-1,225.67
S[Escrow Account]
$-250.00
^
D4/1'2005
T-40.00
PThe Gas Company
LBills:Natural Gas-Oil
^
D4/1'2005
T-100.00
L[Woodgrove Bank Savings]
^
D4/2'2005
T1,175.31
PAUTOMATIC DEPOSIT -- PAYROLL
LWages & Salary:Gross Pay
SWages & Salary:Gross Pay
$1,616.67
STaxes:Federal Income Tax
$-225.00
STaxes:Social Security Tax
$-113.37
STaxes:Medicare Tax
$-38.32
S[Charlie's 401(k) (Contributions)]
E401k withdrawl
$-64.67
^
D4/4'2005
MSale
T-26.99
PThe Phone Company
LBills:Cellular
^
D4/5'2005
T-24.00
PThe Gym
LBills:Health Club
^
D4/7'2005
T-60.00
PThe Water Company
LBills:Water & Sewer
^
D4/13'2005
T-130.00
PElectric Company
LBills:Electricity
^
D4/16'2005
T-100.00
L[Woodgrove Bank Savings]
^
D4/17'2005
T1,175.31
PAUTOMATIC DEPOSIT -- PAYROLL
LWages & Salary:Gross Pay
SWages & Salary:Gross Pay
$1,616.67
STaxes:Federal Income Tax
$-225.00
STaxes:Social Security Tax
$-113.37
STaxes:Medicare Tax
$-38.32
S[Charlie's 401(k) (Contributions)]
E401k withdrawl
$-64.67
^
D4/20'2005
T1,945.86
PAUTOMATIC DEPOSIT -- PAYROLL
LWages & Salary
^
D4/21'2005
T-24.95
PAdventure Works
LBills:Telephone
^
D4/30'2005
T-52.34
PCity Power & Light
LBills:Cable-Satellite Television
^
D4/30'2005
T-200.00
PWoodgrove Bank Credit Card
L[Woodgrove Bank Credit Card]
^
D4/30'2005
T-1,928.11
PMortgage Co
LHome Loan
SHome Loan
EPrincipal
$-455.31
SLoan:Mortgage Interest
EInterest
$-1,222.80
S[Escrow Account]
$-250.00
^
D5/1'2005
T-40.00
PThe Gas Company
LBills:Natural Gas-Oil
^
D5/1'2005
T-100.00
L[Woodgrove Bank Savings]
^
D5/2'2005
T1,175.31
PAUTOMATIC DEPOSIT -- PAYROLL
LWages & Salary:Gross Pay
SWages & Salary:Gross Pay
$1,616.67
STaxes:Federal Income Tax
$-225.00
STaxes:Social Security Tax
$-113.37
STaxes:Medicare Tax
$-38.32
S[Charlie's 401(k) (Contributions)]
E401k withdrawl
$-64.67
^
D5/4'2005
MSale
T-26.99
PThe Phone Company
LBills:Cellular
^
D5/5'2005
T-24.00
PThe Gym
LBills:Health Club
^
D5/7'2005
T-60.00
PThe Water Company
LBills:Water & Sewer
^
D5/13'2005
T-130.00
PElectric Company
LBills:Electricity
^
D5/16'2005
T-100.00
L[Woodgrove Bank Savings]
^
D5/17'2005
T1,175.31
PAUTOMATIC DEPOSIT -- PAYROLL
LWages & Salary:Gross Pay
SWages & Salary:Gross Pay
$1,616.67
STaxes:Federal Income Tax
$-225.00
STaxes:Social Security Tax
$-113.37
STaxes:Medicare Tax
$-38.32
S[Charlie's 401(k) (Contributions)]
E401k withdrawl
$-64.67
^
D5/20'2005
T1,945.86
PAUTOMATIC DEPOSIT -- PAYROLL
LWages & Salary
^
D5/21'2005
T-24.95
PAdventure Works
LBills:Telephone
^
D5/30'2005
T-52.34
PCity Power & Light
LBills:Cable-Satellite Television
^
D5/30'2005
T-200.00
PWoodgrove Bank Credit Card
L[Woodgrove Bank Credit Card]
^
D5/30'2005
T-1,928.11
PMortgage Co
LHome Loan
SHome Loan
EPrincipal
$-458.21
SLoan:Mortgage Interest
EInterest
$-1,219.90
S[Escrow Account]
$-250.00
^
D6/1'2005
T-100.00
L[Woodgrove Bank Savings]
^
D6/1'2005
T-40.00
PThe Gas Company
LBills:Natural Gas-Oil
^
D6/2'2005
T1,175.31
PAUTOMATIC DEPOSIT -- PAYROLL
LWages & Salary:Gross Pay
SWages & Salary:Gross Pay
$1,616.67
STaxes:Federal Income Tax
$-225.00
STaxes:Social Security Tax
$-113.37
STaxes:Medicare Tax
$-38.32
S[Charlie's 401(k) (Contributions)]
E401k withdrawl
$-64.67
^
D6/4'2005
MSale
T-26.99
PThe Phone Company
LBills:Cellular
^
D6/5'2005
T-24.00
PThe Gym
LBills:Health Club
^
D6/7'2005
T-60.00
PThe Water Company
LBills:Water & Sewer
^
D6/13'2005
T-130.00
PElectric Company
LBills:Electricity
^
D6/16'2005
T-100.00
L[Woodgrove Bank Savings]
^
D6/17'2005
T1,175.31
PAUTOMATIC DEPOSIT -- PAYROLL
LWages & Salary:Gross Pay
SWages & Salary:Gross Pay
$1,616.67
STaxes:Federal Income Tax
$-225.00
STaxes:Social Security Tax
$-113.37
STaxes:Medicare Tax
$-38.32
S[Charlie's 401(k) (Contributions)]
E401k withdrawl
$-64.67
^
D6/20'2005
T1,945.86
PAUTOMATIC DEPOSIT -- PAYROLL
LWages & Salary
^
D6/21'2005
T-24.95
PAdventure Works
LBills:Telephone
^
D6/30'2005
T-52.34
PCity Power & Light
LBills:Cable-Satellite Television
^
D6/30'2005
T-200.00
PWoodgrove Bank Credit Card
L[Woodgrove Bank Credit Card]
^
D6/30'2005
T-1,928.11
PMortgage Co
LHome Loan
SHome Loan
EPrincipal
$-461.12
SLoan:Mortgage Interest
EInterest
$-1,216.99
S[Escrow Account]
$-250.00
^
D7/1'2005
T-100.00
L[Woodgrove Bank Savings]
^
D7/1'2005
T-40.00
PThe Gas Company
LBills:Natural Gas-Oil
^
D7/2'2005
T1,175.31
PAUTOMATIC DEPOSIT -- PAYROLL
LWages & Salary:Gross Pay
SWages & Salary:Gross Pay
$1,616.67
STaxes:Federal Income Tax
$-225.00
STaxes:Social Security Tax
$-113.37
STaxes:Medicare Tax
$-38.32
S[Charlie's 401(k) (Contributions)]
E401k withdrawl
$-64.67
^
D7/4'2005
MSale
T-26.99
PThe Phone Company
LBills:Cellular
^
D7/5'2005
T-24.00
PThe Gym
LBills:Health Club
^
D7/7'2005
T-60.00
PThe Water Company
LBills:Water & Sewer
^
D7/13'2005
T-130.00
PElectric Company
LBills:Electricity
^
D7/16'2005
T-100.00
L[Woodgrove Bank Savings]
^
D7/17'2005
T1,175.31
PAUTOMATIC DEPOSIT -- PAYROLL
LWages & Salary:Gross Pay
SWages & Salary:Gross Pay
$1,616.67
STaxes:Federal Income Tax
$-225.00
STaxes:Social Security Tax
$-113.37
STaxes:Medicare Tax
$-38.32
S[Charlie's 401(k) (Contributions)]
E401k withdrawl
$-64.67
^
D7/20'2005
T1,945.86
PAUTOMATIC DEPOSIT -- PAYROLL
LWages & Salary
^
D7/21'2005
T-24.95
PAdventure Works
LBills:Telephone
^
D7/30'2005
T-52.34
PCity Power & Light
LBills:Cable-Satellite Television
^
D7/30'2005
T-200.00
PWoodgrove Bank Credit Card
L[Woodgrove Bank Credit Card]
^
D7/30'2005
T-1,928.11
PMortgage Co
LHome Loan
SHome Loan
EPrincipal
$-464.05
SLoan:Mortgage Interest
EInterest
$-1,214.06
S[Escrow Account]
$-250.00
^
D8/1'2005
T-100.00
L[Woodgrove Bank Savings]
^
D8/1'2005
T-40.00
PThe Gas Company
LBills:Natural Gas-Oil
^
D8/2'2005
T1,175.31
PAUTOMATIC DEPOSIT -- PAYROLL
LWages & Salary:Gross Pay
SWages & Salary:Gross Pay
$1,616.67
STaxes:Federal Income Tax
$-225.00
STaxes:Social Security Tax
$-113.37
STaxes:Medicare Tax
$-38.32
S[Charlie's 401(k) (Contributions)]
E401k withdrawl
$-64.67
^
D8/4'2005
MSale
T-26.99
PThe Phone Company
LBills:Cellular
^
D8/5'2005
T-24.00
PThe Gym
LBills:Health Club
^
D8/7'2005
T-60.00
PThe Water Company
LBills:Water & Sewer
^
D8/13'2005
T-130.00
PElectric Company
LBills:Electricity
^
D8/16'2005
T-100.00
L[Woodgrove Bank Savings]
^
D8/17'2005
T1,175.31
PAUTOMATIC DEPOSIT -- PAYROLL
LWages & Salary:Gross Pay
SWages & Salary:Gross Pay
$1,616.67
STaxes:Federal Income Tax
$-225.00
STaxes:Social Security Tax
$-113.37
STaxes:Medicare Tax
$-38.32
S[Charlie's 401(k) (Contributions)]
E401k withdrawl
$-64.67
^
D8/20'2005
T1,945.86
PAUTOMATIC DEPOSIT -- PAYROLL
LWages & Salary
^
D8/21'2005
T-24.95
PAdventure Works
LBills:Telephone
^
D8/30'2005
T-52.34
PCity Power & Light
LBills:Cable-Satellite Television
^
D8/30'2005
T-200.00
PWoodgrove Bank Credit Card
L[Woodgrove Bank Credit Card]
^
D8/30'2005
T-1,928.11
PMortgage Co
LHome Loan
SHome Loan
EPrincipal
$-466.99
SLoan:Mortgage Interest
EInterest
$-1,211.12
S[Escrow Account]
$-250.00
^
D9/1'2005
T-100.00
L[Woodgrove Bank Savings]
^
D9/1'2005
T-40.00
PThe Gas Company
LBills:Natural Gas-Oil
^
D9/2'2005
T1,175.31
PAUTOMATIC DEPOSIT -- PAYROLL
LWages & Salary:Gross Pay
SWages & Salary:Gross Pay
$1,616.67
STaxes:Federal Income Tax
$-225.00
STaxes:Social Security Tax
$-113.37
STaxes:Medicare Tax
$-38.32
S[Charlie's 401(k) (Contributions)]
E401k withdrawl
$-64.67
^
D9/4'2005
MSale
T-26.99
PThe Phone Company
LBills:Cellular
^
D9/5'2005
T-24.00
PThe Gym
LBills:Health Club
^
D9/7'2005
T-60.00
PThe Water Company
LBills:Water & Sewer
^
D9/13'2005
T-130.00
PElectric Company
LBills:Electricity
^
D9/15'2005
MCHECK #421
T-43.21
N421
^
D9/16'2005
T-100.00
L[Woodgrove Bank Savings]
^
D9/16'2005
MTransfer From Savings
T200.00
PONLINE TRANSFER
L[Woodgrove Bank Savings]
^
D9/17'2005
T1,175.31
PAUTOMATIC DEPOSIT -- PAYROLL
LWages & Salary:Gross Pay
SWages & Salary:Gross Pay
$1,616.67
STaxes:Federal Income Tax
$-225.00
STaxes:Social Security Tax
$-113.37
STaxes:Medicare Tax
$-38.32
S[Charlie's 401(k) (Contributions)]
E401k withdrawl
$-64.67
^
D9/17'2005
T-52.98
N422
PCity Power & Light
LBills:Cable-Satellite Television
^
D9/18'2005
MCHECK #414
T-70.68
N414
^
D9/20'2005
T1,945.86
PAUTOMATIC DEPOSIT -- PAYROLL
LWages & Salary
^
D9/20'2005
MCHECK #416
T-88.88
N416
^
D9/20'2005
MCHECK #423
T-73.53
N423
^
D9/21'2005
T-24.95
PAdventure Works
LBills:Telephone
^
D9/25'2005
MTransfer From Savings
T100.00
PONLINE TRANSFER
L[Woodgrove Bank Savings]
^
D9/27'2005
MAutomatic Withdrawal
T-1,065.89
PWOODGROVE HOME LOANS -- PMT
LHousehold
^
D9/27'2005
T-23.98
N424
PThe Gym
LBills:Health Club
^
D9/28'2005
T1,029.98
PAUTOMATIC DEPOSIT -- PAYROLL
LWages & Salary:Gross Pay
SWages & Salary:Gross Pay
$1,616.67
STaxes:Federal Income Tax
$-225.00
STaxes:Social Security Tax
$-113.37
STaxes:Medicare Tax
$-38.32
S[Charlie's 401(k) (Contributions)]
E401k withdrawl
$-64.67
^
D9/30'2005
T-200.00
PWoodgrove Bank Credit Card
L[Woodgrove Bank Credit Card]
^
D9/30'2005
T-1,928.11
PMortgage Co
LHome Loan
SHome Loan
EPrincipal
$-469.96
SLoan:Mortgage Interest
EInterest
$-1,208.15
S[Escrow Account]
$-250.00
^
D10/1'2005
T-100.00
L[Woodgrove Bank Savings]
^
D10/3'2005
MMain Street Branch
T-40.00
PEFT/ATM Withdrawal
^
D10/4'2005
MSale
T-26.99
PThe Phone Company
LBills:Cellular
^
D10/5'2005
T-42.57
PThe Gas Company
LBills:Natural Gas-Oil
^
D10/7'2005
T-60.00
PThe Water Company
LBills:Water & Sewer
^
D10/8'2005
MTransfer from Savings
T100.00
PONLINE TRANSFER
L[Woodgrove Bank Savings]
^
D10/10'2005
MCHECK #429
T-32.48
N429
^
D10/13'2005
T-130.00
PElectric Company
LBills:Electricity
^
D10/15'2005
MCHECK #427
T-52.98
N427
^
D10/16'2005
T-100.00
L[Woodgrove Bank Savings]
^
D10/17'2005
T1,175.31
PAUTOMATIC DEPOSIT -- PAYROLL
LWages & Salary:Gross Pay
SWages & Salary:Gross Pay
$1,616.67
STaxes:Federal Income Tax
$-225.00
STaxes:Social Security Tax
$-113.37
STaxes:Medicare Tax
$-38.32
S[Charlie's 401(k) (Contributions)]
E401k withdrawl
$-64.67
^
D10/18'2005
T-24.29
N415
PAdventure Works
LBills:Telephone
^
D10/20'2005
T1,945.86
PAUTOMATIC DEPOSIT -- PAYROLL
LWages & Salary
^
D10/30'2005
T-52.34
PCity Power & Light
LBills:Cable-Satellite Television
^
D10/30'2005
T-200.00
PWoodgrove Bank Credit Card
L[Woodgrove Bank Credit Card]
^
D10/30'2005
T-1,928.11
PMortgage Co
LHome Loan
SHome Loan
EPrincipal
$-472.95
SLoan:Mortgage Interest
EInterest
$-1,205.16
S[Escrow Account]
$-250.00
^
D11/1'2005
T-100.00
L[Woodgrove Bank Savings]
^
D11/1'2005
T-40.00
PThe Gas Company
LBills:Natural Gas-Oil
^
D11/2'2005
T1,175.31
PAUTOMATIC DEPOSIT -- PAYROLL
LWages & Salary:Gross Pay
SWages & Salary:Gross Pay
$1,616.67
STaxes:Federal Income Tax
$-225.00
STaxes:Social Security Tax
$-113.37
STaxes:Medicare Tax
$-38.32
S[Charlie's 401(k) (Contributions)]
E401k withdrawl
$-64.67
^
D11/4'2005
MSale
T-26.99
PThe Phone Company
LBills:Cellular
^
D11/5'2005
T-24.00
PThe Gym
LBills:Health Club
^
D11/7'2005
T-60.00
PThe Water Company
LBills:Water & Sewer
^
D11/13'2005
T-130.00
PElectric Company
LBills:Electricity
^
D11/16'2005
T-100.00
L[Woodgrove Bank Savings]
^
D11/17'2005
T1,175.31
PAUTOMATIC DEPOSIT -- PAYROLL
LWages & Salary:Gross Pay
SWages & Salary:Gross Pay
$1,616.67
STaxes:Federal Income Tax
$-225.00
STaxes:Social Security Tax
$-113.37
STaxes:Medicare Tax
$-38.32
S[Charlie's 401(k) (Contributions)]
E401k withdrawl
$-64.67
^
D11/20'2005
T1,945.86
PAUTOMATIC DEPOSIT -- PAYROLL
LWages & Salary
^
D11/21'2005
T-24.95
PAdventure Works
LBills:Telephone
^
D11/30'2005
T-52.34
PCity Power & Light
LBills:Cable-Satellite Television
^
D11/30'2005
T-200.00
PWoodgrove Bank Credit Card
L[Woodgrove Bank Credit Card]
^
D11/30'2005
T-1,928.11
PMortgage Co
LHome Loan
SHome Loan
EPrincipal
$-475.95
SLoan:Mortgage Interest
EInterest
$-1,202.16
S[Escrow Account]
$-250.00
^
D12/1'2005
T-100.00
L[Woodgrove Bank Savings]
^
D12/1'2005
T-40.00
PThe Gas Company
LBills:Natural Gas-Oil
^
D12/2'2005
T1,175.31
PAUTOMATIC DEPOSIT -- PAYROLL
LWages & Salary:Gross Pay
SWages & Salary:Gross Pay
$1,616.67
STaxes:Federal Income Tax
$-225.00
STaxes:Social Security Tax
$-113.37
STaxes:Medicare Tax
$-38.32
S[Charlie's 401(k) (Contributions)]
E401k withdrawl
$-64.67
^
D12/4'2005
MSale
T-26.99
PThe Phone Company
LBills:Cellular
^
D12/5'2005
T-24.00
PThe Gym
LBills:Health Club
^
D12/7'2005
T-60.00
PThe Water Company
LBills:Water & Sewer
^
D12/13'2005
T-130.00
PElectric Company
LBills:Electricity
^
D12/16'2005
T-100.00
L[Woodgrove Bank Savings]
^
D12/17'2005
T1,175.31
PAUTOMATIC DEPOSIT -- PAYROLL
LWages & Salary:Gross Pay
SWages & Salary:Gross Pay
$1,616.67
STaxes:Federal Income Tax
$-225.00
STaxes:Social Security Tax
$-113.37
STaxes:Medicare Tax
$-38.32
S[Charlie's 401(k) (Contributions)]
E401k withdrawl
$-64.67
^
D12/20'2005
T1,945.86
PAUTOMATIC DEPOSIT -- PAYROLL
LWages & Salary
^
D12/21'2005
T-24.95
PAdventure Works
LBills:Telephone
^
D12/30'2005
T-52.34
PCity Power & Light
LBills:Cable-Satellite Television
^
D12/30'2005
T-200.00
PWoodgrove Bank Credit Card
L[Woodgrove Bank Credit Card]
^
D12/30'2005
T-1,928.11
PMortgage Co
LHome Loan
SHome Loan
EPrincipal
$-478.97
SLoan:Mortgage Interest
EInterest
$-1,199.14
S[Escrow Account]
$-250.00
^
D1/1'2006
T-100.00
L[Woodgrove Bank Savings]
^
D1/1'2006
T-40.00
PThe Gas Company
LBills:Natural Gas-Oil
^
D1/2'2006
T1,175.31
PAUTOMATIC DEPOSIT -- PAYROLL
LWages & Salary:Gross Pay
SWages & Salary:Gross Pay
$1,616.67
STaxes:Federal Income Tax
$-225.00
STaxes:Social Security Tax
$-113.37
STaxes:Medicare Tax
$-38.32
S[Charlie's 401(k) (Contributions)]
E401k withdrawl
$-64.67
^
D1/4'2006
MSale
T-26.99
PThe Phone Company
LBills:Cellular
^
D1/5'2006
T-24.00
PThe Gym
LBills:Health Club
^
D1/7'2006
T-60.00
PThe Water Company
LBills:Water & Sewer
^
D1/13'2006
T-130.00
PElectric Company
LBills:Electricity
^
D1/16'2006
T-100.00
L[Woodgrove Bank Savings]
^
D1/17'2006
T1,175.31
PAUTOMATIC DEPOSIT -- PAYROLL
LWages & Salary:Gross Pay
SWages & Salary:Gross Pay
$1,616.67
STaxes:Federal Income Tax
$-225.00
STaxes:Social Security Tax
$-113.37
STaxes:Medicare Tax
$-38.32
S[Charlie's 401(k) (Contributions)]
E401k withdrawl
$-64.67
^
D1/20'2006
T1,945.86
PAUTOMATIC DEPOSIT -- PAYROLL
LWages & Salary
^
D1/21'2006
T-24.95
PAdventure Works
LBills:Telephone
^
D1/30'2006
T-52.34
PCity Power & Light
LBills:Cable-Satellite Television
^
D1/30'2006
T-200.00
PWoodgrove Bank Credit Card
L[Woodgrove Bank Credit Card]
^
D1/30'2006
T-1,928.11
PMortgage Co
LHome Loan
SHome Loan
EPrincipal
$-482.02
SLoan:Mortgage Interest
EInterest
$-1,196.09
S[Escrow Account]
$-250.00
^
D2/1'2006
T-100.00
L[Woodgrove Bank Savings]
^
D2/1'2006
T-40.00
PThe Gas Company
LBills:Natural Gas-Oil
^
D2/2'2006
T1,175.31
PAUTOMATIC DEPOSIT -- PAYROLL
LWages & Salary:Gross Pay
SWages & Salary:Gross Pay
$1,616.67
STaxes:Federal Income Tax
$-225.00
STaxes:Social Security Tax
$-113.37
STaxes:Medicare Tax
$-38.32
S[Charlie's 401(k) (Contributions)]
E401k withdrawl
$-64.67
^
D2/4'2006
MSale
T-26.99
PThe Phone Company
LBills:Cellular
^
D2/5'2006
T-24.00
PThe Gym
LBills:Health Club
^
D2/7'2006
T-60.00
PThe Water Company
LBills:Water & Sewer
^
D2/13'2006
T-130.00
PElectric Company
LBills:Electricity
^
D2/16'2006
T-100.00
L[Woodgrove Bank Savings]
^
D2/17'2006
T1,175.31
PAUTOMATIC DEPOSIT -- PAYROLL
LWages & Salary:Gross Pay
SWages & Salary:Gross Pay
$1,616.67
STaxes:Federal Income Tax
$-225.00
STaxes:Social Security Tax
$-113.37
STaxes:Medicare Tax
$-38.32
S[Charlie's 401(k) (Contributions)]
E401k withdrawl
$-64.67
^
D2/20'2006
T1,945.86
PAUTOMATIC DEPOSIT -- PAYROLL
LWages & Salary
^
D2/21'2006
T-24.95
PAdventure Works
LBills:Telephone
^
D2/28'2006
T-52.34
PCity Power & Light
LBills:Cable-Satellite Television
^
D2/28'2006
T-200.00
PWoodgrove Bank Credit Card
L[Woodgrove Bank Credit Card]
^
D2/28'2006
T-1,928.11
PMortgage Co
LHome Loan
SHome Loan
EPrincipal
$-485.08
SLoan:Mortgage Interest
EInterest
$-1,193.03
S[Escrow Account]
$-250.00
^
D3/1'2006
T-40.00
PThe Gas Company
LBills:Natural Gas-Oil
^
D3/1'2006
T-100.00
L[Woodgrove Bank Savings]
^
D3/2'2006
T1,175.31
PAUTOMATIC DEPOSIT -- PAYROLL
LWages & Salary:Gross Pay
SWages & Salary:Gross Pay
$1,616.67
STaxes:Federal Income Tax
$-225.00
STaxes:Social Security Tax
$-113.37
STaxes:Medicare Tax
$-38.32
S[Charlie's 401(k) (Contributions)]
E401k withdrawl
$-64.67
^
D3/4'2006
MSale
T-26.99
PThe Phone Company
LBills:Cellular
^
D3/5'2006
T-24.00
PThe Gym
LBills:Health Club
^
D3/7'2006
T-60.00
PThe Water Company
LBills:Water & Sewer
^
D3/13'2006
T-130.00
PElectric Company
LBills:Electricity
^
D3/16'2006
T-100.00
L[Woodgrove Bank Savings]
^
D3/17'2006
T1,175.31
PAUTOMATIC DEPOSIT -- PAYROLL
LWages & Salary:Gross Pay
SWages & Salary:Gross Pay
$1,616.67
STaxes:Federal Income Tax
$-225.00
STaxes:Social Security Tax
$-113.37
STaxes:Medicare Tax
$-38.32
S[Charlie's 401(k) (Contributions)]
E401k withdrawl
$-64.67
^
D3/20'2006
T1,945.86
PAUTOMATIC DEPOSIT -- PAYROLL
LWages & Salary
^
D3/21'2006
T-24.95
PAdventure Works
LBills:Telephone
^
D3/30'2006
T-52.34
PCity Power & Light
LBills:Cable-Satellite Television
^
D3/30'2006
T-200.00
PWoodgrove Bank Credit Card
L[Woodgrove Bank Credit Card]
^
D3/30'2006
T-1,928.11
PMortgage Co
LHome Loan
SHome Loan
EPrincipal
$-488.16
SLoan:Mortgage Interest
EInterest
$-1,189.95
S[Escrow Account]
$-250.00
^
D4/1'2006
T-40.00
PThe Gas Company
LBills:Natural Gas-Oil
^
D4/1'2006
T-100.00
L[Woodgrove Bank Savings]
^
D4/2'2006
T1,175.31
PAUTOMATIC DEPOSIT -- PAYROLL
LWages & Salary:Gross Pay
SWages & Salary:Gross Pay
$1,616.67
STaxes:Federal Income Tax
$-225.00
STaxes:Social Security Tax
$-113.37
STaxes:Medicare Tax
$-38.32
S[Charlie's 401(k) (Contributions)]
E401k withdrawl
$-64.67
^
D4/4'2006
MSale
T-26.99
PThe Phone Company
LBills:Cellular
^
D4/5'2006
T-24.00
PThe Gym
LBills:Health Club
^
D4/7'2006
T-60.00
PThe Water Company
LBills:Water & Sewer
^
D4/13'2006
T-130.00
PElectric Company
LBills:Electricity
^
D4/16'2006
T-100.00
L[Woodgrove Bank Savings]
^
D4/17'2006
T1,175.31
PAUTOMATIC DEPOSIT -- PAYROLL
LWages & Salary:Gross Pay
SWages & Salary:Gross Pay
$1,616.67
STaxes:Federal Income Tax
$-225.00
STaxes:Social Security Tax
$-113.37
STaxes:Medicare Tax
$-38.32
S[Charlie's 401(k) (Contributions)]
E401k withdrawl
$-64.67
^
D4/20'2006
T1,945.86
PAUTOMATIC DEPOSIT -- PAYROLL
LWages & Salary
^
D4/21'2006
T-24.95
PAdventure Works
LBills:Telephone
^
D4/30'2006
T-52.34
PCity Power & Light
LBills:Cable-Satellite Television
^
D4/30'2006
T-200.00
PWoodgrove Bank Credit Card
L[Woodgrove Bank Credit Card]
^
D4/30'2006
T-1,928.11
PMortgage Co
LHome Loan
SHome Loan
EPrincipal
$-491.26
SLoan:Mortgage Interest
EInterest
$-1,186.85
S[Escrow Account]
$-250.00
^
D5/1'2006
T-40.00
PThe Gas Company
LBills:Natural Gas-Oil
^
D5/1'2006
T-100.00
L[Woodgrove Bank Savings]
^
D5/2'2006
T1,175.31
PAUTOMATIC DEPOSIT -- PAYROLL
LWages & Salary:Gross Pay
SWages & Salary:Gross Pay
$1,616.67
STaxes:Federal Income Tax
$-225.00
STaxes:Social Security Tax
$-113.37
STaxes:Medicare Tax
$-38.32
S[Charlie's 401(k) (Contributions)]
E401k withdrawl
$-64.67
^
D5/4'2006
MSale
T-26.99
PThe Phone Company
LBills:Cellular
^
D5/5'2006
T-24.00
PThe Gym
LBills:Health Club
^
D5/7'2006
T-60.00
PThe Water Company
LBills:Water & Sewer
^
D5/13'2006
T-130.00
PElectric Company
LBills:Electricity
^
D5/16'2006
T-100.00
L[Woodgrove Bank Savings]
^
D5/17'2006
T1,175.31
PAUTOMATIC DEPOSIT -- PAYROLL
LWages & Salary:Gross Pay
SWages & Salary:Gross Pay
$1,616.67
STaxes:Federal Income Tax
$-225.00
STaxes:Social Security Tax
$-113.37
STaxes:Medicare Tax
$-38.32
S[Charlie's 401(k) (Contributions)]
E401k withdrawl
$-64.67
^
D5/20'2006
T1,945.86
PAUTOMATIC DEPOSIT -- PAYROLL
LWages & Salary
^
D5/21'2006
T-24.95
PAdventure Works
LBills:Telephone
^
D5/30'2006
T-52.34
PCity Power & Light
LBills:Cable-Satellite Television
^
D5/30'2006
T-200.00
PWoodgrove Bank Credit Card
L[Woodgrove Bank Credit Card]
^
D5/30'2006
T-1,928.11
PMortgage Co
LHome Loan
SHome Loan
EPrincipal
$-494.38
SLoan:Mortgage Interest
EInterest
$-1,183.73
S[Escrow Account]
$-250.00
^
D6/1'2006
T-40.00
PThe Gas Company
LBills:Natural Gas-Oil
^
D6/1'2006
T-100.00
L[Woodgrove Bank Savings]
^
D6/2'2006
T1,175.31
PAUTOMATIC DEPOSIT -- PAYROLL
LWages & Salary:Gross Pay
SWages & Salary:Gross Pay
$1,616.67
STaxes:Federal Income Tax
$-225.00
STaxes:Social Security Tax
$-113.37
STaxes:Medicare Tax
$-38.32
S[Charlie's 401(k) (Contributions)]
E401k withdrawl
$-64.67
^
D6/4'2006
MSale
T-26.99
PThe Phone Company
LBills:Cellular
^
D6/5'2006
T-24.00
PThe Gym
LBills:Health Club
^
D6/7'2006
T-60.00
PThe Water Company
LBills:Water & Sewer
^
D6/13'2006
T-130.00
PElectric Company
LBills:Electricity
^
D6/16'2006
T-100.00
L[Woodgrove Bank Savings]
^
D6/17'2006
T1,175.31
PAUTOMATIC DEPOSIT -- PAYROLL
LWages & Salary:Gross Pay
SWages & Salary:Gross Pay
$1,616.67
STaxes:Federal Income Tax
$-225.00
STaxes:Social Security Tax
$-113.37
STaxes:Medicare Tax
$-38.32
S[Charlie's 401(k) (Contributions)]
E401k withdrawl
$-64.67
^
D6/20'2006
T1,945.86
PAUTOMATIC DEPOSIT -- PAYROLL
LWages & Salary
^
D6/21'2006
T-24.95
PAdventure Works
LBills:Telephone
^
D6/30'2006
T-52.34
PCity Power & Light
LBills:Cable-Satellite Television
^
D6/30'2006
T-200.00
PWoodgrove Bank Credit Card
L[Woodgrove Bank Credit Card]
^
D6/30'2006
T-1,928.11
PMortgage Co
LHome Loan
SHome Loan
EPrincipal
$-497.52
SLoan:Mortgage Interest
EInterest
$-1,180.59
S[Escrow Account]
$-250.00
^
D7/1'2006
T-40.00
PThe Gas Company
LBills:Natural Gas-Oil
^
D7/1'2006
T-100.00
L[Woodgrove Bank Savings]
^
D7/1'2006
MPaid extra bank fees
T-241.00
PMortgage Co
^
D7/2'2006
T1,175.31
PAUTOMATIC DEPOSIT -- PAYROLL
LWages & Salary:Gross Pay
SWages & Salary:Gross Pay
$1,616.67
STaxes:Federal Income Tax
$-225.00
STaxes:Social Security Tax
$-113.37
STaxes:Medicare Tax
$-38.32
S[Charlie's 401(k) (Contributions)]
E401k withdrawl
$-64.67
^
D7/2'2006
MMedicine for baby
T-53.21
PContoso Pharmaceuticals
^
D7/4'2006
MSale
T-26.99
PThe Phone Company
LBills:Cellular
^
D7/4'2006
MPurchased workout clothing
T-96.23
PThe Gym
^
D7/6'2006
T-130.00
PElectric Company
LBills:Electricity
^
D7/7'2006
T-43.20
N428
PThe Water Company
LBills:Water & Sewer
^
D7/8'2006
T-24.00
PThe Gym
LBills:Health Club
^
D7/8'2006
MVacation down-payment
T-24.95
PAdventure Works
^
D7/8'2006
MDeposit - ski cabin
T-292.51
PAlpine Ski House
^
D7/8'2006
MSpecial Order - Skis
T-979.21
PWide World Importers
^
D7/9'2006
MWeekend cash
T-200.00
PEFT/ATM Withdrawal
^
D7/16'2006
T-100.00
L[Woodgrove Bank Savings]
^
D7/17'2006
T1,175.31
PAUTOMATIC DEPOSIT -- PAYROLL
LWages & Salary:Gross Pay
SWages & Salary:Gross Pay
$1,616.67
STaxes:Federal Income Tax
$-225.00
STaxes:Social Security Tax
$-113.37
STaxes:Medicare Tax
$-38.32
S[Charlie's 401(k) (Contributions)]
E401k withdrawl
$-64.67
^
D7/20'2006
T1,945.86
PAUTOMATIC DEPOSIT -- PAYROLL
LWages & Salary
^
D7/21'2006
T-24.95
PAdventure Works
LBills:Telephone
^
D7/30'2006
T-52.34
PCity Power & Light
LBills:Cable-Satellite Television
^
D7/30'2006
T-200.00
PWoodgrove Bank Credit Card
L[Woodgrove Bank Credit Card]
^
D7/30'2006
T-1,928.11
PMortgage Co
LHome Loan
SHome Loan
EPrincipal
$-500.69
SLoan:Mortgage Interest
EInterest
$-1,177.42
S[Escrow Account]
$-250.00
^
D8/1'2006
T-40.00
PThe Gas Company
LBills:Natural Gas-Oil
^
D8/1'2006
T-100.00
L[Woodgrove Bank Savings]
^
D8/2'2006
T1,175.31
PAUTOMATIC DEPOSIT -- PAYROLL
LWages & Salary:Gross Pay
SWages & Salary:Gross Pay
$1,616.67
STaxes:Federal Income Tax
$-225.00
STaxes:Social Security Tax
$-113.37
STaxes:Medicare Tax
$-38.32
S[Charlie's 401(k) (Contributions)]
E401k withdrawl
$-64.67
^
D8/4'2006
MSale
T-26.99
PThe Phone Company
LBills:Cellular
^
D8/5'2006
T-24.00
PThe Gym
LBills:Health Club
^
D8/7'2006
T-60.00
PThe Water Company
LBills:Water & Sewer
^
D8/13'2006
T-130.00
PElectric Company
LBills:Electricity
^
D8/16'2006
T-100.00
L[Woodgrove Bank Savings]
^
D8/17'2006
T1,175.31
PAUTOMATIC DEPOSIT -- PAYROLL
LWages & Salary:Gross Pay
SWages & Salary:Gross Pay
$1,616.67
STaxes:Federal Income Tax
$-225.00
STaxes:Social Security Tax
$-113.37
STaxes:Medicare Tax
$-38.32
S[Charlie's 401(k) (Contributions)]
E401k withdrawl
$-64.67
^
D8/20'2006
T1,945.86
PAUTOMATIC DEPOSIT -- PAYROLL
LWages & Salary
^
D8/21'2006
T-24.95
PAdventure Works
LBills:Telephone
^
D8/30'2006
T-52.34
PCity Power & Light
LBills:Cable-Satellite Television
^
D8/30'2006
T-200.00
PWoodgrove Bank Credit Card
L[Woodgrove Bank Credit Card]
^
D8/30'2006
T-1,928.11
PMortgage Co
LHome Loan
SHome Loan
EPrincipal
$-503.87
SLoan:Mortgage Interest
EInterest
$-1,174.24
S[Escrow Account]
$-250.00
^
D9/1'2006
T-40.00
PThe Gas Company
LBills:Natural Gas-Oil
^
D9/1'2006
T-100.00
L[Woodgrove Bank Savings]
^
D9/2'2006
T1,175.31
PAUTOMATIC DEPOSIT -- PAYROLL
LWages & Salary:Gross Pay
SWages & Salary:Gross Pay
$1,616.67
STaxes:Federal Income Tax
$-225.00
STaxes:Social Security Tax
$-113.37
STaxes:Medicare Tax
$-38.32
S[Charlie's 401(k) (Contributions)]
E401k withdrawl
$-64.67
^
D9/4'2006
MSale
T-26.99
PThe Phone Company
LBills:Cellular
^
D9/5'2006
T-24.00
PThe Gym
LBills:Health Club
^
D9/7'2006
T-60.00
PThe Water Company
LBills:Water & Sewer
^
D9/13'2006
T-130.00
PElectric Company
LBills:Electricity
^
D9/16'2006
T-100.00
L[Woodgrove Bank Savings]
^
D9/17'2006
T1,175.31
PAUTOMATIC DEPOSIT -- PAYROLL
LWages & Salary:Gross Pay
SWages & Salary:Gross Pay
$1,616.67
STaxes:Federal Income Tax
$-225.00
STaxes:Social Security Tax
$-113.37
STaxes:Medicare Tax
$-38.32
S[Charlie's 401(k) (Contributions)]
E401k withdrawl
$-64.67
^
D9/20'2006
T1,945.86
PAUTOMATIC DEPOSIT -- PAYROLL
LWages & Salary
^
D9/21'2006
T-24.95
PAdventure Works
LBills:Telephone
^
D9/30'2006
T-52.34
PCity Power & Light
LBills:Cable-Satellite Television
^
D9/30'2006
T-200.00
PWoodgrove Bank Credit Card
L[Woodgrove Bank Credit Card]
^
D9/30'2006
T-1,928.11
PMortgage Co
LHome Loan
SHome Loan
EPrincipal
$-507.07
SLoan:Mortgage Interest
EInterest
$-1,171.04
S[Escrow Account]
$-250.00
^
D10/1'2006
T-40.00
PThe Gas Company
LBills:Natural Gas-Oil
^
D10/1'2006
T-100.00
L[Woodgrove Bank Savings]
^
D10/2'2006
T1,175.31
PAUTOMATIC DEPOSIT -- PAYROLL
LWages & Salary:Gross Pay
SWages & Salary:Gross Pay
$1,616.67
STaxes:Federal Income Tax
$-225.00
STaxes:Social Security Tax
$-113.37
STaxes:Medicare Tax
$-38.32
S[Charlie's 401(k) (Contributions)]
E401k withdrawl
$-64.67
^
D10/4'2006
MSale
T-26.99
PThe Phone Company
LBills:Cellular
^
D10/5'2006
T-24.00
PThe Gym
LBills:Health Club
^
D10/7'2006
T-60.00
PThe Water Company
LBills:Water & Sewer
^
D10/13'2006
T-130.00
PElectric Company
LBills:Electricity
^
D10/16'2006
T-100.00
L[Woodgrove Bank Savings]
^
D10/17'2006
T1,175.31
PAUTOMATIC DEPOSIT -- PAYROLL
LWages & Salary:Gross Pay
SWages & Salary:Gross Pay
$1,616.67
STaxes:Federal Income Tax
$-225.00
STaxes:Social Security Tax
$-113.37
STaxes:Medicare Tax
$-38.32
S[Charlie's 401(k) (Contributions)]
E401k withdrawl
$-64.67
^
D10/20'2006
T1,945.86
PAUTOMATIC DEPOSIT -- PAYROLL
LWages & Salary
^
D10/21'2006
T-24.95
PAdventure Works
LBills:Telephone
^
D10/30'2006
T-52.34
PCity Power & Light
LBills:Cable-Satellite Television
^
D10/30'2006
T-200.00
PWoodgrove Bank Credit Card
L[Woodgrove Bank Credit Card]
^
D10/30'2006
T-1,928.11
PMortgage Co
LHome Loan
SHome Loan
EPrincipal
$-510.29
SLoan:Mortgage Interest
EInterest
$-1,167.82
S[Escrow Account]
$-250.00
^
D11/1'2006
T-40.00
PThe Gas Company
LBills:Natural Gas-Oil
^
D11/1'2006
T-100.00
L[Woodgrove Bank Savings]
^
D11/2'2006
T1,175.31
PAUTOMATIC DEPOSIT -- PAYROLL
LWages & Salary:Gross Pay
SWages & Salary:Gross Pay
$1,616.67
STaxes:Federal Income Tax
$-225.00
STaxes:Social Security Tax
$-113.37
STaxes:Medicare Tax
$-38.32
S[Charlie's 401(k) (Contributions)]
E401k withdrawl
$-64.67
^
D11/4'2006
MSale
T-26.99
PThe Phone Company
LBills:Cellular
^
D11/5'2006
T-24.00
PThe Gym
LBills:Health Club
^
D11/7'2006
T-60.00
PThe Water Company
LBills:Water & Sewer
^
D11/13'2006
T-130.00
PElectric Company
LBills:Electricity
^
D11/16'2006
T-100.00
L[Woodgrove Bank Savings]
^
D11/17'2006
T1,175.31
PAUTOMATIC DEPOSIT -- PAYROLL
LWages & Salary:Gross Pay
SWages & Salary:Gross Pay
$1,616.67
STaxes:Federal Income Tax
$-225.00
STaxes:Social Security Tax
$-113.37
STaxes:Medicare Tax
$-38.32
S[Charlie's 401(k) (Contributions)]
E401k withdrawl
$-64.67
^
D11/20'2006
T1,945.86
PAUTOMATIC DEPOSIT -- PAYROLL
LWages & Salary
^
D11/21'2006
T-24.95
PAdventure Works
LBills:Telephone
^
D11/30'2006
T-52.34
PCity Power & Light
LBills:Cable-Satellite Television
^
D11/30'2006
T-200.00
PWoodgrove Bank Credit Card
L[Woodgrove Bank Credit Card]
^
D11/30'2006
T-1,928.11
PMortgage Co
LHome Loan
SHome Loan
EPrincipal
$-513.53
SLoan:Mortgage Interest
EInterest
$-1,164.58
S[Escrow Account]
$-250.00
^
D12/1'2006
T-40.00
PThe Gas Company
LBills:Natural Gas-Oil
^
D12/1'2006
T-100.00
L[Woodgrove Bank Savings]
^
D12/2'2006
T1,175.31
PAUTOMATIC DEPOSIT -- PAYROLL
LWages & Salary:Gross Pay
SWages & Salary:Gross Pay
$1,616.67
STaxes:Federal Income Tax
$-225.00
STaxes:Social Security Tax
$-113.37
STaxes:Medicare Tax
$-38.32
S[Charlie's 401(k) (Contributions)]
E401k withdrawl
$-64.67
^
D12/4'2006
MSale
T-26.99
PThe Phone Company
LBills:Cellular
^
D12/5'2006
T-24.00
PThe Gym
LBills:Health Club
^
D12/7'2006
T-60.00
PThe Water Company
LBills:Water & Sewer
^
D12/13'2006
T-130.00
PElectric Company
LBills:Electricity
^
D12/16'2006
T-100.00
L[Woodgrove Bank Savings]
^
D12/17'2006
T1,175.31
PAUTOMATIC DEPOSIT -- PAYROLL
LWages & Salary:Gross Pay
SWages & Salary:Gross Pay
$1,616.67
STaxes:Federal Income Tax
$-225.00
STaxes:Social Security Tax
$-113.37
STaxes:Medicare Tax
$-38.32
S[Charlie's 401(k) (Contributions)]
E401k withdrawl
$-64.67
^
D12/20'2006
T1,945.86
PAUTOMATIC DEPOSIT -- PAYROLL
LWages & Salary
^
D12/21'2006
T-24.95
PAdventure Works
LBills:Telephone
^
D12/30'2006
T-52.34
PCity Power & Light
LBills:Cable-Satellite Television
^
D12/30'2006
T-200.00
PWoodgrove Bank Credit Card
L[Woodgrove Bank Credit Card]
^
D12/30'2006
T-1,928.11
PMortgage Co
LHome Loan
SHome Loan
EPrincipal
$-516.79
SLoan:Mortgage Interest
EInterest
$-1,161.32
S[Escrow Account]
$-250.00
^
D1/1'2007
T-40.00
PThe Gas Company
LBills:Natural Gas-Oil
^
D1/1'2007
T-100.00
L[Woodgrove Bank Savings]
^
D1/2'2007
T1,175.31
PAUTOMATIC DEPOSIT -- PAYROLL
LWages & Salary:Gross Pay
SWages & Salary:Gross Pay
$1,616.67
STaxes:Federal Income Tax
$-225.00
STaxes:Social Security Tax
$-113.37
STaxes:Medicare Tax
$-38.32
S[Charlie's 401(k) (Contributions)]
E401k withdrawl
$-64.67
^
D1/4'2007
MSale
T-26.99
PThe Phone Company
LBills:Cellular
^
D1/5'2007
T-24.00
PThe Gym
LBills:Health Club
^
D1/7'2007
T-60.00
PThe Water Company
LBills:Water & Sewer
^
D1/13'2007
T-130.00
PElectric Company
LBills:Electricity
^
D1/16'2007
T-100.00
L[Woodgrove Bank Savings]
^
D1/17'2007
T1,175.31
PAUTOMATIC DEPOSIT -- PAYROLL
LWages & Salary:Gross Pay
SWages & Salary:Gross Pay
$1,616.67
STaxes:Federal Income Tax
$-225.00
STaxes:Social Security Tax
$-113.37
STaxes:Medicare Tax
$-38.32
S[Charlie's 401(k) (Contributions)]
E401k withdrawl
$-64.67
^
D1/20'2007
T1,945.86
PAUTOMATIC DEPOSIT -- PAYROLL
LWages & Salary
^
D1/21'2007
T-24.95
PAdventure Works
LBills:Telephone
^
D1/30'2007
T-52.34
PCity Power & Light
LBills:Cable-Satellite Television
^
D1/30'2007
T-200.00
PWoodgrove Bank Credit Card
L[Woodgrove Bank Credit Card]
^
D1/30'2007
T-1,928.11
PMortgage Co
LHome Loan
SHome Loan
EPrincipal
$-520.08
SLoan:Mortgage Interest
EInterest
$-1,158.03
S[Escrow Account]
$-250.00
^
D2/1'2007
T-40.00
PThe Gas Company
LBills:Natural Gas-Oil
^
D2/1'2007
T-100.00
L[Woodgrove Bank Savings]
^
D2/2'2007
T1,175.31
PAUTOMATIC DEPOSIT -- PAYROLL
LWages & Salary:Gross Pay
SWages & Salary:Gross Pay
$1,616.67
STaxes:Federal Income Tax
$-225.00
STaxes:Social Security Tax
$-113.37
STaxes:Medicare Tax
$-38.32
S[Charlie's 401(k) (Contributions)]
E401k withdrawl
$-64.67
^
D2/4'2007
MSale
T-26.99
PThe Phone Company
LBills:Cellular
^
D2/5'2007
T-24.00
PThe Gym
LBills:Health Club
^
D2/7'2007
T-60.00
PThe Water Company
LBills:Water & Sewer
^
D2/13'2007
T-130.00
PElectric Company
LBills:Electricity
^
D2/16'2007
T-100.00
L[Woodgrove Bank Savings]
^
D2/17'2007
T1,175.31
PAUTOMATIC DEPOSIT -- PAYROLL
LWages & Salary:Gross Pay
SWages & Salary:Gross Pay
$1,616.67
STaxes:Federal Income Tax
$-225.00
STaxes:Social Security Tax
$-113.37
STaxes:Medicare Tax
$-38.32
S[Charlie's 401(k) (Contributions)]
E401k withdrawl
$-64.67
^
D2/20'2007
T1,945.86
PAUTOMATIC DEPOSIT -- PAYROLL
LWages & Salary
^
D2/21'2007
T-24.95
PAdventure Works
LBills:Telephone
^
D2/28'2007
T-52.34
PCity Power & Light
LBills:Cable-Satellite Television
^
D2/28'2007
T-200.00
PWoodgrove Bank Credit Card
L[Woodgrove Bank Credit Card]
^
D2/28'2007
T-1,928.11
PMortgage Co
LHome Loan
SHome Loan
EPrincipal
$-523.38
SLoan:Mortgage Interest
EInterest
$-1,154.73
S[Escrow Account]
$-250.00
^
D3/1'2007
T-40.00
PThe Gas Company
LBills:Natural Gas-Oil
^
D3/1'2007
T-100.00
L[Woodgrove Bank Savings]
^
D3/2'2007
T1,175.31
PAUTOMATIC DEPOSIT -- PAYROLL
LWages & Salary:Gross Pay
SWages & Salary:Gross Pay
$1,616.67
STaxes:Federal Income Tax
$-225.00
STaxes:Social Security Tax
$-113.37
STaxes:Medicare Tax
$-38.32
S[Charlie's 401(k) (Contributions)]
E401k withdrawl
$-64.67
^
D3/4'2007
MSale
T-26.99
PThe Phone Company
LBills:Cellular
^
D3/5'2007
T-24.00
PThe Gym
LBills:Health Club
^
D3/6'2007
T-179.88
N431
PContoso Ltd.
LGroceries
^
D3/7'2007
T-60.00
PThe Water Company
LBills:Water & Sewer
^
D3/13'2007
T-130.00
PElectric Company
LBills:Electricity
^
D3/14'2007
MMonthly wine tasting dinner
T-98.50
N430
PCoho Vineyard & Winery
LDining Out
^
D3/16'2007
T-100.00
L[Woodgrove Bank Savings]
^
D3/17'2007
T1,175.31
PAUTOMATIC DEPOSIT -- PAYROLL
LWages & Salary:Gross Pay
SWages & Salary:Gross Pay
$1,616.67
STaxes:Federal Income Tax
$-225.00
STaxes:Social Security Tax
$-113.37
STaxes:Medicare Tax
$-38.32
S[Charlie's 401(k) (Contributions)]
E401k withdrawl
$-64.67
^
D3/20'2007
T-250.00
L[Woodgrove Bank Savings]
^
D3/20'2007
T-350.00
PWoodgrove Bank Credit Card
L[Woodgrove Bank Credit Card]
^
D3/20'2007
T1,345.86
PAUTOMATIC DEPOSIT -- PAYROLL
LWages & Salary
^
D3/21'2007
T-24.95
PAdventure Works
LBills:Telephone
^
D3/29'2007
CX
T-446.90
PWoodgrove Bank Credit Card
L[Woodgrove Bank Credit Card]
^
D3/30'2007
T-53.34
PCity Power & Light
LBills:Cable-Satellite Television
^
D3/30'2007
T-1,928.11
PMortgage Co
LHome Loan
SHome Loan
EPrincipal
$-526.70
SLoan:Mortgage Interest
EInterest
$-1,151.41
S[Escrow Account]
$-250.00
^
D4/1'2007
MMonthly wine tasting dinner
T-98.50
PCoho Vineyard & Winery
LDining Out
^
D4/1'2007
T-45.00
PThe Gas Company
LBills:Natural Gas-Oil
^
D4/2'2007
T1,175.31
PAUTOMATIC DEPOSIT -- PAYROLL
LWages & Salary:Gross Pay
SWages & Salary:Gross Pay
$1,616.67
STaxes:Federal Income Tax
$-225.00
STaxes:Social Security Tax
$-113.37
STaxes:Medicare Tax
$-38.32
S[Charlie's 401(k) (Contributions)]
E401k withdrawl
$-64.67
^
D4/4'2007
MSale
T-87.22
PThe Phone Company
LBills:Cellular
^
D4/5'2007
T-250.00
L[Woodgrove Bank Savings]
^
D4/5'2007
MIncludes quarterly massage
T-49.95
PThe Gym
LBills:Health Club
^
D4/6'2007
T-179.88
PContoso Ltd.
LGroceries
^
D4/7'2007
T-62.88
PThe Water Company
LBills:Water & Sewer
^
D4/13'2007
T-135.00
PElectric Company
LBills:Electricity
^
D4/17'2007
T1,175.31
PAUTOMATIC DEPOSIT -- PAYROLL
LWages & Salary:Gross Pay
SWages & Salary:Gross Pay
$1,616.67
STaxes:Federal Income Tax
$-225.00
STaxes:Social Security Tax
$-113.37
STaxes:Medicare Tax
$-38.32
S[Charlie's 401(k) (Contributions)]
E401k withdrawl
$-64.67
^
D4/20'2007
T-250.00
L[Woodgrove Bank Savings]
^
D4/20'2007
T-350.00
PWoodgrove Bank Credit Card
L[Woodgrove Bank Credit Card]
^
D4/20'2007
T1,345.86
PAUTOMATIC DEPOSIT -- PAYROLL
LWages & Salary
^
D4/21'2007
T-24.95
PAdventure Works
LBills:Telephone
^
D4/30'2007
T-53.34
PCity Power & Light
LBills:Cable-Satellite Television
^
D4/30'2007
T-1,928.11
PMortgage Co
LHome Loan
SHome Loan
EPrincipal
$-530.05
SLoan:Mortgage Interest
EInterest
$-1,148.06
S[Escrow Account]
$-250.00
^
D5/1'2007
MMonthly wine tasting dinner
T-98.50
PCoho Vineyard & Winery
LDining Out
^
D5/1'2007
T-45.00
PThe Gas Company
LBills:Natural Gas-Oil
^
D5/2'2007
T1,175.31
PAUTOMATIC DEPOSIT -- PAYROLL
LWages & Salary:Gross Pay
SWages & Salary:Gross Pay
$1,616.67
STaxes:Federal Income Tax
$-225.00
STaxes:Social Security Tax
$-113.37
STaxes:Medicare Tax
$-38.32
S[Charlie's 401(k) (Contributions)]
E401k withdrawl
$-64.67
^
D5/4'2007
MSale
T-87.22
PThe Phone Company
LBills:Cellular
^
D5/5'2007
MIncludes quarterly massage
T-49.95
PThe Gym
LBills:Health Club
^
D5/5'2007
T-250.00
L[Woodgrove Bank Savings]
^
D5/6'2007
T-179.88
PContoso Ltd.
LGroceries
^
D5/7'2007
T-62.88
PThe Water Company
LBills:Water & Sewer
^
D5/13'2007
T-135.00
PElectric Company
LBills:Electricity
^
D5/17'2007
T1,175.31
PAUTOMATIC DEPOSIT -- PAYROLL
LWages & Salary:Gross Pay
SWages & Salary:Gross Pay
$1,616.67
STaxes:Federal Income Tax
$-225.00
STaxes:Social Security Tax
$-113.37
STaxes:Medicare Tax
$-38.32
S[Charlie's 401(k) (Contributions)]
E401k withdrawl
$-64.67
^
D5/20'2007
T-250.00
L[Woodgrove Bank Savings]
^
D5/20'2007
T-350.00
PWoodgrove Bank Credit Card
L[Woodgrove Bank Credit Card]
^
D5/20'2007
T1,345.86
PAUTOMATIC DEPOSIT -- PAYROLL
LWages & Salary
^
D5/21'2007
T-24.95
PAdventure Works
LBills:Telephone
^
D5/30'2007
T-53.34
PCity Power & Light
LBills:Cable-Satellite Television
^
D5/30'2007
T-1,928.11
PMortgage Co
LHome Loan
SHome Loan
EPrincipal
$-533.42
SLoan:Mortgage Interest
EInterest
$-1,144.69
S[Escrow Account]
$-250.00
^
D6/1'2007
MMonthly wine tasting dinner
T-98.50
PCoho Vineyard & Winery
LDining Out
^
D6/1'2007
T-45.00
PThe Gas Company
LBills:Natural Gas-Oil
^
D6/2'2007
T1,175.31
PAUTOMATIC DEPOSIT -- PAYROLL
LWages & Salary:Gross Pay
SWages & Salary:Gross Pay
$1,616.67
STaxes:Federal Income Tax
$-225.00
STaxes:Social Security Tax
$-113.37
STaxes:Medicare Tax
$-38.32
S[Charlie's 401(k) (Contributions)]
E401k withdrawl
$-64.67
^
D6/4'2007
MSale
T-87.22
PThe Phone Company
LBills:Cellular
^
D6/5'2007
T-250.00
L[Woodgrove Bank Savings]
^
D6/5'2007
MIncludes quarterly massage
T-49.95
PThe Gym
LBills:Health Club
^
D6/6'2007
T-179.88
PContoso Ltd.
LGroceries
^
D6/7'2007
T-62.88
PThe Water Company
LBills:Water & Sewer
^
D6/13'2007
T-135.00
PElectric Company
LBills:Electricity
^
D6/17'2007
T1,175.31
PAUTOMATIC DEPOSIT -- PAYROLL
LWages & Salary:Gross Pay
SWages & Salary:Gross Pay
$1,616.67
STaxes:Federal Income Tax
$-225.00
STaxes:Social Security Tax
$-113.37
STaxes:Medicare Tax
$-38.32
S[Charlie's 401(k) (Contributions)]
E401k withdrawl
$-64.67
^
D6/20'2007
T-350.00
PWoodgrove Bank Credit Card
L[Woodgrove Bank Credit Card]
^
D6/20'2007
T1,345.86
PAUTOMATIC DEPOSIT -- PAYROLL
LWages & Salary
^
D6/20'2007
T-250.00
L[Woodgrove Bank Savings]
^
D6/21'2007
T-24.95
PAdventure Works
LBills:Telephone
^
D6/30'2007
T-53.34
PCity Power & Light
LBills:Cable-Satellite Television
^
D6/30'2007
T-1,928.11
PMortgage Co
LHome Loan
SHome Loan
EPrincipal
$-536.81
SLoan:Mortgage Interest
EInterest
$-1,141.30
S[Escrow Account]
$-250.00
^
D7/1'2007
MMonthly wine tasting dinner
T-98.50
PCoho Vineyard & Winery
LDining Out
^
D7/1'2007
T-45.00
PThe Gas Company
LBills:Natural Gas-Oil
^
D7/2'2007
T1,175.31
PAUTOMATIC DEPOSIT -- PAYROLL
LWages & Salary:Gross Pay
SWages & Salary:Gross Pay
$1,616.67
STaxes:Federal Income Tax
$-225.00
STaxes:Social Security Tax
$-113.37
STaxes:Medicare Tax
$-38.32
S[Charlie's 401(k) (Contributions)]
E401k withdrawl
$-64.67
^
D7/4'2007
MSale
T-87.22
PThe Phone Company
LBills:Cellular
^
D7/5'2007
T-250.00
L[Woodgrove Bank Savings]
^
D7/5'2007
MIncludes quarterly massage
T-49.95
PThe Gym
LBills:Health Club
^
D7/6'2007
T-179.88
PContoso Ltd.
LGroceries
^
D7/7'2007
T-62.88
PThe Water Company
LBills:Water & Sewer
^
D7/13'2007
T-135.00
PElectric Company
LBills:Electricity
^
D7/17'2007
T1,175.31
PAUTOMATIC DEPOSIT -- PAYROLL
LWages & Salary:Gross Pay
SWages & Salary:Gross Pay
$1,616.67
STaxes:Federal Income Tax
$-225.00
STaxes:Social Security Tax
$-113.37
STaxes:Medicare Tax
$-38.32
S[Charlie's 401(k) (Contributions)]
E401k withdrawl
$-64.67
^
D7/20'2007
T-350.00
PWoodgrove Bank Credit Card
L[Woodgrove Bank Credit Card]
^
D7/20'2007
T1,345.86
PAUTOMATIC DEPOSIT -- PAYROLL
LWages & Salary
^
D7/20'2007
T-250.00
L[Woodgrove Bank Savings]
^
D7/21'2007
T-24.95
PAdventure Works
LBills:Telephone
^
D7/30'2007
T-53.34
PCity Power & Light
LBills:Cable-Satellite Television
^
D7/30'2007
T-1,928.11
PMortgage Co
LHome Loan
SHome Loan
EPrincipal
$-540.22
SLoan:Mortgage Interest
EInterest
$-1,137.89
S[Escrow Account]
$-250.00
^
D8/1'2007
MMonthly wine tasting dinner
T-98.50
PCoho Vineyard & Winery
LDining Out
^
D8/1'2007
T-45.00
PThe Gas Company
LBills:Natural Gas-Oil
^
D8/2'2007
T1,175.31
PAUTOMATIC DEPOSIT -- PAYROLL
LWages & Salary:Gross Pay
SWages & Salary:Gross Pay
$1,616.67
STaxes:Federal Income Tax
$-225.00
STaxes:Social Security Tax
$-113.37
STaxes:Medicare Tax
$-38.32
S[Charlie's 401(k) (Contributions)]
E401k withdrawl
$-64.67
^
D8/4'2007
MSale
T-87.22
PThe Phone Company
LBills:Cellular
^
D8/5'2007
T-250.00
L[Woodgrove Bank Savings]
^
D8/5'2007
MIncludes quarterly massage
T-49.95
PThe Gym
LBills:Health Club
^
D8/6'2007
T-179.88
PContoso Ltd.
LGroceries
^
D8/7'2007
T-62.88
PThe Water Company
LBills:Water & Sewer
^
D8/13'2007
T-135.00
PElectric Company
LBills:Electricity
^
D8/17'2007
T1,175.31
PAUTOMATIC DEPOSIT -- PAYROLL
LWages & Salary:Gross Pay
SWages & Salary:Gross Pay
$1,616.67
STaxes:Federal Income Tax
$-225.00
STaxes:Social Security Tax
$-113.37
STaxes:Medicare Tax
$-38.32
S[Charlie's 401(k) (Contributions)]
E401k withdrawl
$-64.67
^
D8/20'2007
T-350.00
PWoodgrove Bank Credit Card
L[Woodgrove Bank Credit Card]
^
D8/20'2007
T1,345.86
PAUTOMATIC DEPOSIT -- PAYROLL
LWages & Salary
^
D8/20'2007
T-250.00
L[Woodgrove Bank Savings]
^
D8/21'2007
T-24.95
PAdventure Works
LBills:Telephone
^
D8/30'2007
T-53.34
PCity Power & Light
LBills:Cable-Satellite Television
^
D8/30'2007
T-1,928.11
PMortgage Co
LHome Loan
SHome Loan
EPrincipal
$-543.65
SLoan:Mortgage Interest
EInterest
$-1,134.46
S[Escrow Account]
$-250.00
^
D9/1'2007
MMonthly wine tasting dinner
T-98.50
PCoho Vineyard & Winery
LDining Out
^
D9/1'2007
T-45.00
PThe Gas Company
LBills:Natural Gas-Oil
^
D9/2'2007
T1,175.31
PAUTOMATIC DEPOSIT -- PAYROLL
LWages & Salary:Gross Pay
SWages & Salary:Gross Pay
$1,616.67
STaxes:Federal Income Tax
$-225.00
STaxes:Social Security Tax
$-113.37
STaxes:Medicare Tax
$-38.32
S[Charlie's 401(k) (Contributions)]
E401k withdrawl
$-64.67
^
D9/4'2007
MSale
T-87.22
PThe Phone Company
LBills:Cellular
^
D9/5'2007
T-250.00
L[Woodgrove Bank Savings]
^
D9/5'2007
MIncludes quarterly massage
T-49.95
PThe Gym
LBills:Health Club
^
D9/6'2007
T-179.88
PContoso Ltd.
LGroceries
^
D9/7'2007
T-62.88
PThe Water Company
LBills:Water & Sewer
^
D9/13'2007
T-135.00
PElectric Company
LBills:Electricity
^
D9/17'2007
T1,175.31
PAUTOMATIC DEPOSIT -- PAYROLL
LWages & Salary:Gross Pay
SWages & Salary:Gross Pay
$1,616.67
STaxes:Federal Income Tax
$-225.00
STaxes:Social Security Tax
$-113.37
STaxes:Medicare Tax
$-38.32
S[Charlie's 401(k) (Contributions)]
E401k withdrawl
$-64.67
^
D9/20'2007
T-350.00
PWoodgrove Bank Credit Card
L[Woodgrove Bank Credit Card]
^
D9/20'2007
T1,345.86
PAUTOMATIC DEPOSIT -- PAYROLL
LWages & Salary
^
D9/20'2007
T-250.00
L[Woodgrove Bank Savings]
^
D9/21'2007
T-24.95
PAdventure Works
LBills:Telephone
^
D9/30'2007
T-53.34
PCity Power & Light
LBills:Cable-Satellite Television
^
D9/30'2007
T-1,928.11
PMortgage Co
LHome Loan
SHome Loan
EPrincipal
$-547.10
SLoan:Mortgage Interest
EInterest
$-1,131.01
S[Escrow Account]
$-250.00
^
D10/1'2007
MMonthly wine tasting dinner
T-98.50
PCoho Vineyard & Winery
LDining Out
^
D10/1'2007
T-45.00
PThe Gas Company
LBills:Natural Gas-Oil
^
D10/2'2007
T1,175.31
PAUTOMATIC DEPOSIT -- PAYROLL
LWages & Salary:Gross Pay
SWages & Salary:Gross Pay
$1,616.67
STaxes:Federal Income Tax
$-225.00
STaxes:Social Security Tax
$-113.37
STaxes:Medicare Tax
$-38.32
S[Charlie's 401(k) (Contributions)]
E401k withdrawl
$-64.67
^
D10/4'2007
MSale
T-87.22
PThe Phone Company
LBills:Cellular
^
D10/5'2007
T-250.00
L[Woodgrove Bank Savings]
^
D10/5'2007
MIncludes quarterly massage
T-49.95
PThe Gym
LBills:Health Club
^
D10/6'2007
T-179.88
PContoso Ltd.
LGroceries
^
D10/7'2007
T-62.88
PThe Water Company
LBills:Water & Sewer
^
D10/13'2007
T-135.00
PElectric Company
LBills:Electricity
^
D10/17'2007
T1,175.31
PAUTOMATIC DEPOSIT -- PAYROLL
LWages & Salary:Gross Pay
SWages & Salary:Gross Pay
$1,616.67
STaxes:Federal Income Tax
$-225.00
STaxes:Social Security Tax
$-113.37
STaxes:Medicare Tax
$-38.32
S[Charlie's 401(k) (Contributions)]
E401k withdrawl
$-64.67
^
D10/20'2007
T-350.00
PWoodgrove Bank Credit Card
L[Woodgrove Bank Credit Card]
^
D10/20'2007
T1,345.86
PAUTOMATIC DEPOSIT -- PAYROLL
LWages & Salary
^
D10/20'2007
T-250.00
L[Woodgrove Bank Savings]
^
D10/21'2007
T-24.95
PAdventure Works
LBills:Telephone
^
D10/30'2007
T-53.34
PCity Power & Light
LBills:Cable-Satellite Television
^
D10/30'2007
T-1,928.11
PMortgage Co
LHome Loan
SHome Loan
EPrincipal
$-550.58
SLoan:Mortgage Interest
EInterest
$-1,127.53
S[Escrow Account]
$-250.00
^
D11/1'2007
MMonthly wine tasting dinner
T-98.50
PCoho Vineyard & Winery
LDining Out
^
D11/1'2007
T-45.00
PThe Gas Company
LBills:Natural Gas-Oil
^
D11/2'2007
T1,175.31
PAUTOMATIC DEPOSIT -- PAYROLL
LWages & Salary:Gross Pay
SWages & Salary:Gross Pay
$1,616.67
STaxes:Federal Income Tax
$-225.00
STaxes:Social Security Tax
$-113.37
STaxes:Medicare Tax
$-38.32
S[Charlie's 401(k) (Contributions)]
E401k withdrawl
$-64.67
^
D11/4'2007
MSale
T-87.22
PThe Phone Company
LBills:Cellular
^
D11/5'2007
T-250.00
L[Woodgrove Bank Savings]
^
D11/5'2007
MIncludes quarterly massage
T-49.95
PThe Gym
LBills:Health Club
^
D11/6'2007
T-179.88
PContoso Ltd.
LGroceries
^
D11/7'2007
T-62.88
PThe Water Company
LBills:Water & Sewer
^
D11/13'2007
T-135.00
PElectric Company
LBills:Electricity
^
D11/17'2007
T1,175.31
PAUTOMATIC DEPOSIT -- PAYROLL
LWages & Salary:Gross Pay
SWages & Salary:Gross Pay
$1,616.67
STaxes:Federal Income Tax
$-225.00
STaxes:Social Security Tax
$-113.37
STaxes:Medicare Tax
$-38.32
S[Charlie's 401(k) (Contributions)]
E401k withdrawl
$-64.67
^
D11/20'2007
T-350.00
PWoodgrove Bank Credit Card
L[Woodgrove Bank Credit Card]
^
D11/20'2007
T1,345.86
PAUTOMATIC DEPOSIT -- PAYROLL
LWages & Salary
^
D11/20'2007
T-250.00
L[Woodgrove Bank Savings]
^
D11/21'2007
T-24.95
PAdventure Works
LBills:Telephone
^
D11/30'2007
T-53.34
PCity Power & Light
LBills:Cable-Satellite Television
^
D11/30'2007
T-1,928.11
PMortgage Co
LHome Loan
SHome Loan
EPrincipal
$-554.08
SLoan:Mortgage Interest
EInterest
$-1,124.03
S[Escrow Account]
$-250.00
^
D12/1'2007
MMonthly wine tasting dinner
T-98.50
PCoho Vineyard & Winery
LDining Out
^
D12/1'2007
T-45.00
PThe Gas Company
LBills:Natural Gas-Oil
^
D12/2'2007
T1,175.31
PAUTOMATIC DEPOSIT -- PAYROLL
LWages & Salary:Gross Pay
SWages & Salary:Gross Pay
$1,616.67
STaxes:Federal Income Tax
$-225.00
STaxes:Social Security Tax
$-113.37
STaxes:Medicare Tax
$-38.32
S[Charlie's 401(k) (Contributions)]
E401k withdrawl
$-64.67
^
D12/4'2007
MSale
T-87.22
PThe Phone Company
LBills:Cellular
^
D12/5'2007
T-250.00
L[Woodgrove Bank Savings]
^
D12/5'2007
MIncludes quarterly massage
T-49.95
PThe Gym
LBills:Health Club
^
D12/6'2007
T-179.88
PContoso Ltd.
LGroceries
^
D12/7'2007
T-62.88
PThe Water Company
LBills:Water & Sewer
^
D12/13'2007
T-135.00
PElectric Company
LBills:Electricity
^
D12/17'2007
T1,175.31
PAUTOMATIC DEPOSIT -- PAYROLL
LWages & Salary:Gross Pay
SWages & Salary:Gross Pay
$1,616.67
STaxes:Federal Income Tax
$-225.00
STaxes:Social Security Tax
$-113.37
STaxes:Medicare Tax
$-38.32
S[Charlie's 401(k) (Contributions)]
E401k withdrawl
$-64.67
^
D12/20'2007
T-350.00
PWoodgrove Bank Credit Card
L[Woodgrove Bank Credit Card]
^
D12/20'2007
T1,345.86
PAUTOMATIC DEPOSIT -- PAYROLL
LWages & Salary
^
D12/20'2007
T-250.00
L[Woodgrove Bank Savings]
^
D12/21'2007
T-24.95
PAdventure Works
LBills:Telephone
^
D12/30'2007
T-53.34
PCity Power & Light
LBills:Cable-Satellite Television
^
D12/30'2007
T-1,928.11
PMortgage Co
LHome Loan
SHome Loan
EPrincipal
$-557.60
SLoan:Mortgage Interest
EInterest
$-1,120.51
S[Escrow Account]
$-250.00
^
D1/1'2008
MMonthly wine tasting dinner
T-98.50
PCoho Vineyard & Winery
LDining Out
^
D1/1'2008
T-45.00
PThe Gas Company
LBills:Natural Gas-Oil
^
D1/2'2008
T1,175.31
PAUTOMATIC DEPOSIT -- PAYROLL
LWages & Salary:Gross Pay
SWages & Salary:Gross Pay
$1,616.67
STaxes:Federal Income Tax
$-225.00
STaxes:Social Security Tax
$-113.37
STaxes:Medicare Tax
$-38.32
S[Charlie's 401(k) (Contributions)]
E401k withdrawl
$-64.67
^
D1/4'2008
MSale
T-87.22
PThe Phone Company
LBills:Cellular
^
D1/5'2008
T-250.00
L[Woodgrove Bank Savings]
^
D1/5'2008
MIncludes quarterly massage
T-49.95
PThe Gym
LBills:Health Club
^
D1/6'2008
T-179.88
PContoso Ltd.
LGroceries
^
D1/7'2008
T-62.88
PThe Water Company
LBills:Water & Sewer
^
D1/13'2008
T-135.00
PElectric Company
LBills:Electricity
^
D1/17'2008
T1,175.31
PAUTOMATIC DEPOSIT -- PAYROLL
LWages & Salary:Gross Pay
SWages & Salary:Gross Pay
$1,616.67
STaxes:Federal Income Tax
$-225.00
STaxes:Social Security Tax
$-113.37
STaxes:Medicare Tax
$-38.32
S[Charlie's 401(k) (Contributions)]
E401k withdrawl
$-64.67
^
D1/20'2008
T-350.00
PWoodgrove Bank Credit Card
L[Woodgrove Bank Credit Card]
^
D1/20'2008
T1,345.86
PAUTOMATIC DEPOSIT -- PAYROLL
LWages & Salary
^
D1/20'2008
T-250.00
L[Woodgrove Bank Savings]
^
D1/21'2008
T-24.95
PAdventure Works
LBills:Telephone
^
D1/30'2008
T-53.34
PCity Power & Light
LBills:Cable-Satellite Television
^
D1/30'2008
T-1,928.11
PMortgage Co
LHome Loan
SHome Loan
EPrincipal
$-561.14
SLoan:Mortgage Interest
EInterest
$-1,116.97
S[Escrow Account]
$-250.00
^
D2/1'2008
MMonthly wine tasting dinner
T-98.50
PCoho Vineyard & Winery
LDining Out
^
D2/1'2008
T-45.00
PThe Gas Company
LBills:Natural Gas-Oil
^
D2/2'2008
T1,175.31
PAUTOMATIC DEPOSIT -- PAYROLL
LWages & Salary:Gross Pay
SWages & Salary:Gross Pay
$1,616.67
STaxes:Federal Income Tax
$-225.00
STaxes:Social Security Tax
$-113.37
STaxes:Medicare Tax
$-38.32
S[Charlie's 401(k) (Contributions)]
E401k withdrawl
$-64.67
^
D2/4'2008
MSale
T-87.22
PThe Phone Company
LBills:Cellular
^
D2/5'2008
T-250.00
L[Woodgrove Bank Savings]
^
D2/5'2008
MIncludes quarterly massage
T-49.95
PThe Gym
LBills:Health Club
^
D2/6'2008
T-179.88
PContoso Ltd.
LGroceries
^
D2/7'2008
T-62.88
PThe Water Company
LBills:Water & Sewer
^
D2/13'2008
T-135.00
PElectric Company
LBills:Electricity
^
D2/17'2008
T1,175.31
PAUTOMATIC DEPOSIT -- PAYROLL
LWages & Salary:Gross Pay
SWages & Salary:Gross Pay
$1,616.67
STaxes:Federal Income Tax
$-225.00
STaxes:Social Security Tax
$-113.37
STaxes:Medicare Tax
$-38.32
S[Charlie's 401(k) (Contributions)]
E401k withdrawl
$-64.67
^
D2/20'2008
T-350.00
PWoodgrove Bank Credit Card
L[Woodgrove Bank Credit Card]
^
D2/20'2008
T1,345.86
PAUTOMATIC DEPOSIT -- PAYROLL
LWages & Salary
^
D2/20'2008
T-250.00
L[Woodgrove Bank Savings]
^
D2/21'2008
T-24.95
PAdventure Works
LBills:Telephone
^
D2/28'2008
T-53.34
PCity Power & Light
LBills:Cable-Satellite Television
^
D2/28'2008
T-1,928.11
PMortgage Co
LHome Loan
SHome Loan
EPrincipal
$-564.70
SLoan:Mortgage Interest
EInterest
$-1,113.41
S[Escrow Account]
$-250.00
^
D2/29'2008
MMonthly wine tasting dinner
T-98.50
PCoho Vineyard & Winery
LDining Out
^
D2/29'2008
T-45.00
PThe Gas Company
LBills:Natural Gas-Oil
^
D3/1'2008
T1,175.31
PAUTOMATIC DEPOSIT -- PAYROLL
LWages & Salary:Gross Pay
SWages & Salary:Gross Pay
$1,616.67
STaxes:Federal Income Tax
$-225.00
STaxes:Social Security Tax
$-113.37
STaxes:Medicare Tax
$-38.32
S[Charlie's 401(k) (Contributions)]
E401k withdrawl
$-64.67
^
D3/3'2008
MSale
T-87.22
PThe Phone Company
LBills:Cellular
^
D3/4'2008
T-250.00
L[Woodgrove Bank Savings]
^
D3/4'2008
MIncludes quarterly massage
T-49.95
PThe Gym
LBills:Health Club
^
D3/5'2008
T-179.88
PContoso Ltd.
LGroceries
^
D3/6'2008
T-62.88
PThe Water Company
LBills:Water & Sewer
^
D3/12'2008
T-135.00
PElectric Company
LBills:Electricity
^
D3/16'2008
T1,175.31
PAUTOMATIC DEPOSIT -- PAYROLL
LWages & Salary:Gross Pay
SWages & Salary:Gross Pay
$1,616.67
STaxes:Federal Income Tax
$-225.00
STaxes:Social Security Tax
$-113.37
STaxes:Medicare Tax
$-38.32
S[Charlie's 401(k) (Contributions)]
E401k withdrawl
$-64.67
^
D3/19'2008
T-350.00
PWoodgrove Bank Credit Card
L[Woodgrove Bank Credit Card]
^
D3/19'2008
T1,345.86
PAUTOMATIC DEPOSIT -- PAYROLL
LWages & Salary
^
D3/19'2008
T-250.00
L[Woodgrove Bank Savings]
^
D3/20'2008
T-24.95
PAdventure Works
LBills:Telephone
^
D3/29'2008
T-53.34
PCity Power & Light
LBills:Cable-Satellite Television
^
D3/29'2008
T-1,928.11
PMortgage Co
LHome Loan
SHome Loan
EPrincipal
$-568.29
SLoan:Mortgage Interest
EInterest
$-1,109.82
S[Escrow Account]
$-250.00
^
D3/31'2008
MMonthly wine tasting dinner
T-98.50
PCoho Vineyard & Winery
LDining Out
^
D3/31'2008
T-45.00
PThe Gas Company
LBills:Natural Gas-Oil
^
D4/1'2008
T1,175.31
PAUTOMATIC DEPOSIT -- PAYROLL
LWages & Salary:Gross Pay
SWages & Salary:Gross Pay
$1,616.67
STaxes:Federal Income Tax
$-225.00
STaxes:Social Security Tax
$-113.37
STaxes:Medicare Tax
$-38.32
S[Charlie's 401(k) (Contributions)]
E401k withdrawl
$-64.67
^
D4/3'2008
MSale
T-87.22
PThe Phone Company
LBills:Cellular
^
D4/4'2008
T-250.00
L[Woodgrove Bank Savings]
^
D4/4'2008
MIncludes quarterly massage
T-49.95
PThe Gym
LBills:Health Club
^
D4/5'2008
T-179.88
PContoso Ltd.
LGroceries
^
D4/6'2008
T-62.88
PThe Water Company
LBills:Water & Sewer
^
D4/12'2008
T-135.00
PElectric Company
LBills:Electricity
^
D4/16'2008
T1,175.31
PAUTOMATIC DEPOSIT -- PAYROLL
LWages & Salary:Gross Pay
SWages & Salary:Gross Pay
$1,616.67
STaxes:Federal Income Tax
$-225.00
STaxes:Social Security Tax
$-113.37
STaxes:Medicare Tax
$-38.32
S[Charlie's 401(k) (Contributions)]
E401k withdrawl
$-64.67
^
D4/19'2008
T-350.00
PWoodgrove Bank Credit Card
L[Woodgrove Bank Credit Card]
^
D4/19'2008
T1,345.86
PAUTOMATIC DEPOSIT -- PAYROLL
LWages & Salary
^
D4/19'2008
T-250.00
L[Woodgrove Bank Savings]
^
D4/21'2008
T-24.95
PAdventure Works
LBills:Telephone
^
D4/30'2008
T-53.34
PCity Power & Light
LBills:Cable-Satellite Television
^
D4/30'2008
T-1,928.11
PMortgage Co
LHome Loan
SHome Loan
EPrincipal
$-568.29
SLoan:Mortgage Interest
EInterest
$-1,109.82
S[Escrow Account]
$-250.00
^
D5/1'2008
MMonthly wine tasting dinner
T-98.50
PCoho Vineyard & Winery
LDining Out
^
D5/1'2008
T-45.00
PThe Gas Company
LBills:Natural Gas-Oil
^
D5/2'2008
T1,175.31
PAUTOMATIC DEPOSIT -- PAYROLL
LWages & Salary:Gross Pay
SWages & Salary:Gross Pay
$1,616.67
STaxes:Federal Income Tax
$-225.00
STaxes:Social Security Tax
$-113.37
STaxes:Medicare Tax
$-38.32
S[Charlie's 401(k) (Contributions)]
E401k withdrawl
$-64.67
^
D5/4'2008
MSale
T-87.22
PThe Phone Company
LBills:Cellular
^
D5/5'2008
T-250.00
L[Woodgrove Bank Savings]
^
D5/5'2008
MIncludes quarterly massage
T-49.95
PThe Gym
LBills:Health Club
^
D5/6'2008
T-179.88
PContoso Ltd.
LGroceries
^
D5/7'2008
T-62.88
PThe Water Company
LBills:Water & Sewer
^
D5/13'2008
T-135.00
PElectric Company
LBills:Electricity
^
D5/17'2008
T1,175.31
PAUTOMATIC DEPOSIT -- PAYROLL
LWages & Salary:Gross Pay
SWages & Salary:Gross Pay
$1,616.67
STaxes:Federal Income Tax
$-225.00
STaxes:Social Security Tax
$-113.37
STaxes:Medicare Tax
$-38.32
S[Charlie's 401(k) (Contributions)]
E401k withdrawl
$-64.67
^
D5/20'2008
T-350.00
PWoodgrove Bank Credit Card
L[Woodgrove Bank Credit Card]
^
D5/20'2008
T1,345.86
PAUTOMATIC DEPOSIT -- PAYROLL
LWages & Salary
^
D5/21'2008
T-24.95
PAdventure Works
LBills:Telephone
^
D5/31'2008
T-53.34
PCity Power & Light
LBills:Cable-Satellite Television
^
D5/31'2008
T-1,928.11
PMortgage Co
LHome Loan
SHome Loan
EPrincipal
$-568.29
SLoan:Mortgage Interest
EInterest
$-1,109.82
S[Escrow Account]
$-250.00
^
D6/1'2008
MMonthly wine tasting dinner
T-98.50
PCoho Vineyard & Winery
LDining Out
^
D6/1'2008
T-45.00
PThe Gas Company
LBills:Natural Gas-Oil
^
D6/2'2008
T1,175.31
PAUTOMATIC DEPOSIT -- PAYROLL
LWages & Salary:Gross Pay
SWages & Salary:Gross Pay
$1,616.67
STaxes:Federal Income Tax
$-225.00
STaxes:Social Security Tax
$-113.37
STaxes:Medicare Tax
$-38.32
S[Charlie's 401(k) (Contributions)]
E401k withdrawl
$-64.67
^
D6/4'2008
MSale
T-87.22
PThe Phone Company
LBills:Cellular
^
D6/5'2008
T-250.00
L[Woodgrove Bank Savings]
^
D6/5'2008
MIncludes quarterly massage
T-49.95
PThe Gym
LBills:Health Club
^
D6/6'2008
T-179.88
PContoso Ltd.
LGroceries
^
D6/7'2008
T-62.88
PThe Water Company
LBills:Water & Sewer
^
D6/13'2008
T-135.00
PElectric Company
LBills:Electricity
^
D6/17'2008
T1,175.31
PAUTOMATIC DEPOSIT -- PAYROLL
LWages & Salary:Gross Pay
SWages & Salary:Gross Pay
$1,616.67
STaxes:Federal Income Tax
$-225.00
STaxes:Social Security Tax
$-113.37
STaxes:Medicare Tax
$-38.32
S[Charlie's 401(k) (Contributions)]
E401k withdrawl
$-64.67
^
D6/20'2008
T-350.00
PWoodgrove Bank Credit Card
L[Woodgrove Bank Credit Card]
^
D6/20'2008
T1,345.86
PAUTOMATIC DEPOSIT -- PAYROLL
LWages & Salary
^
D6/21'2008
T-24.95
PAdventure Works
LBills:Telephone
^
D6/30'2008
T-53.34
PCity Power & Light
LBills:Cable-Satellite Television
^
D6/30'2008
T-1,928.11
PMortgage Co
LHome Loan
SHome Loan
EPrincipal
$-568.29
SLoan:Mortgage Interest
EInterest
$-1,109.82
S[Escrow Account]
$-250.00
^
D7/1'2008
MMonthly wine tasting dinner
T-98.50
PCoho Vineyard & Winery
LDining Out
^
D7/1'2008
T-45.00
PThe Gas Company
LBills:Natural Gas-Oil
^
D7/2'2008
T1,175.31
PAUTOMATIC DEPOSIT -- PAYROLL
LWages & Salary:Gross Pay
SWages & Salary:Gross Pay
$1,616.67
STaxes:Federal Income Tax
$-225.00
STaxes:Social Security Tax
$-113.37
STaxes:Medicare Tax
$-38.32
S[Charlie's 401(k) (Contributions)]
E401k withdrawl
$-64.67
^
D7/4'2008
MSale
T-87.22
PThe Phone Company
LBills:Cellular
^
D7/5'2008
T-250.00
L[Woodgrove Bank Savings]
^
D7/5'2008
MIncludes quarterly massage
T-49.95
PThe Gym
LBills:Health Club
^
D7/6'2008
T-179.88
PContoso Ltd.
LGroceries
^
D7/7'2008
T-62.88
PThe Water Company
LBills:Water & Sewer
^
D7/13'2008
T-135.00
PElectric Company
LBills:Electricity
^
D7/17'2008
T1,175.31
PAUTOMATIC DEPOSIT -- PAYROLL
LWages & Salary:Gross Pay
SWages & Salary:Gross Pay
$1,616.67
STaxes:Federal Income Tax
$-225.00
STaxes:Social Security Tax
$-113.37
STaxes:Medicare Tax
$-38.32
S[Charlie's 401(k) (Contributions)]
E401k withdrawl
$-64.67
^
D7/20'2008
T-350.00
PWoodgrove Bank Credit Card
L[Woodgrove Bank Credit Card]
^
D7/20'2008
T1,345.86
PAUTOMATIC DEPOSIT -- PAYROLL
LWages & Salary
^
D7/21'2008
T-24.95
PAdventure Works
LBills:Telephone
^
D7/31'2008
T-53.34
PCity Power & Light
LBills:Cable-Satellite Television
^
D7/31'2008
T-1,928.11
PMortgage Co
LHome Loan
SHome Loan
EPrincipal
$-568.29
SLoan:Mortgage Interest
EInterest
$-1,109.82
S[Escrow Account]
$-250.00
^
D8/1'2008
MMonthly wine tasting dinner
T-98.50
PCoho Vineyard & Winery
LDining Out
^
D8/1'2008
T-45.00
PThe Gas Company
LBills:Natural Gas-Oil
^
D8/2'2008
T1,175.31
PAUTOMATIC DEPOSIT -- PAYROLL
LWages & Salary:Gross Pay
SWages & Salary:Gross Pay
$1,616.67
STaxes:Federal Income Tax
$-225.00
STaxes:Social Security Tax
$-113.37
STaxes:Medicare Tax
$-38.32
S[Charlie's 401(k) (Contributions)]
E401k withdrawl
$-64.67
^
D8/4'2008
MSale
T-87.22
PThe Phone Company
LBills:Cellular
^
D8/5'2008
T-250.00
L[Woodgrove Bank Savings]
^
D8/5'2008
MIncludes quarterly massage
T-49.95
PThe Gym
LBills:Health Club
^
D8/6'2008
T-179.88
PContoso Ltd.
LGroceries
^
D8/7'2008
T-62.88
PThe Water Company
LBills:Water & Sewer
^
D8/13'2008
T-135.00
PElectric Company
LBills:Electricity
^
D8/17'2008
T1,175.31
PAUTOMATIC DEPOSIT -- PAYROLL
LWages & Salary:Gross Pay
SWages & Salary:Gross Pay
$1,616.67
STaxes:Federal Income Tax
$-225.00
STaxes:Social Security Tax
$-113.37
STaxes:Medicare Tax
$-38.32
S[Charlie's 401(k) (Contributions)]
E401k withdrawl
$-64.67
^
D8/20'2008
T-350.00
PWoodgrove Bank Credit Card
L[Woodgrove Bank Credit Card]
^
D8/20'2008
T1,345.86
PAUTOMATIC DEPOSIT -- PAYROLL
LWages & Salary
^
D8/21'2008
T-24.95
PAdventure Works
LBills:Telephone
^
D8/31'2008
T-53.34
PCity Power & Light
LBills:Cable-Satellite Television
^
D8/31'2008
T-1,928.11
PMortgage Co
LHome Loan
SHome Loan
EPrincipal
$-568.29
SLoan:Mortgage Interest
EInterest
$-1,109.82
S[Escrow Account]
$-250.00
^
D9/1'2008
MMonthly wine tasting dinner
T-98.50
PCoho Vineyard & Winery
LDining Out
^
D9/1'2008
T-45.00
PThe Gas Company
LBills:Natural Gas-Oil
^
D9/2'2008
T1,175.31
PAUTOMATIC DEPOSIT -- PAYROLL
LWages & Salary:Gross Pay
SWages & Salary:Gross Pay
$1,616.67
STaxes:Federal Income Tax
$-225.00
STaxes:Social Security Tax
$-113.37
STaxes:Medicare Tax
$-38.32
S[Charlie's 401(k) (Contributions)]
E401k withdrawl
$-64.67
^
D9/4'2008
MSale
T-87.22
PThe Phone Company
LBills:Cellular
^
D9/5'2008
T-250.00
L[Woodgrove Bank Savings]
^
D9/5'2008
MIncludes quarterly massage
T-49.95
PThe Gym
LBills:Health Club
^
D9/6'2008
T-179.88
PContoso Ltd.
LGroceries
^
D9/7'2008
T-62.88
PThe Water Company
LBills:Water & Sewer
^
D9/13'2008
T-135.00
PElectric Company
LBills:Electricity
^
D9/17'2008
T1,175.31
PAUTOMATIC DEPOSIT -- PAYROLL
LWages & Salary:Gross Pay
SWages & Salary:Gross Pay
$1,616.67
STaxes:Federal Income Tax
$-225.00
STaxes:Social Security Tax
$-113.37
STaxes:Medicare Tax
$-38.32
S[Charlie's 401(k) (Contributions)]
E401k withdrawl
$-64.67
^
D9/20'2008
T-350.00
PWoodgrove Bank Credit Card
L[Woodgrove Bank Credit Card]
^
D9/20'2008
T1,345.86
PAUTOMATIC DEPOSIT -- PAYROLL
LWages & Salary
^
D9/21'2008
T-24.95
PAdventure Works
LBills:Telephone
^
D9/30'2008
T-53.34
PCity Power & Light
LBills:Cable-Satellite Television
^
D9/30'2008
T-1,928.11
PMortgage Co
LHome Loan
SHome Loan
EPrincipal
$-568.29
SLoan:Mortgage Interest
EInterest
$-1,109.82
S[Escrow Account]
$-250.00
^
D10/1'2008
MMonthly wine tasting dinner
T-98.50
PCoho Vineyard & Winery
LDining Out
^
D10/1'2008
T-45.00
PThe Gas Company
LBills:Natural Gas-Oil
^
D10/2'2008
T1,175.31
PAUTOMATIC DEPOSIT -- PAYROLL
LWages & Salary:Gross Pay
SWages & Salary:Gross Pay
$1,616.67
STaxes:Federal Income Tax
$-225.00
STaxes:Social Security Tax
$-113.37
STaxes:Medicare Tax
$-38.32
S[Charlie's 401(k) (Contributions)]
E401k withdrawl
$-64.67
^
D10/4'2008
MSale
T-87.22
PThe Phone Company
LBills:Cellular
^
D10/5'2008
T-250.00
L[Woodgrove Bank Savings]
^
D10/5'2008
MIncludes quarterly massage
T-49.95
PThe Gym
LBills:Health Club
^
D10/6'2008
T-179.88
PContoso Ltd.
LGroceries
^
D10/7'2008
T-62.88
PThe Water Company
LBills:Water & Sewer
^
D10/13'2008
T-135.00
PElectric Company
LBills:Electricity
^
D10/17'2008
T1,175.31
PAUTOMATIC DEPOSIT -- PAYROLL
LWages & Salary:Gross Pay
SWages & Salary:Gross Pay
$1,616.67
STaxes:Federal Income Tax
$-225.00
STaxes:Social Security Tax
$-113.37
STaxes:Medicare Tax
$-38.32
S[Charlie's 401(k) (Contributions)]
E401k withdrawl
$-64.67
^
D10/20'2008
T-350.00
PWoodgrove Bank Credit Card
L[Woodgrove Bank Credit Card]
^
D10/20'2008
T1,345.86
PAUTOMATIC DEPOSIT -- PAYROLL
LWages & Salary
^
D10/21'2008
T-24.95
PAdventure Works
LBills:Telephone
^
D10/31'2008
T-53.34
PCity Power & Light
LBills:Cable-Satellite Television
^
D10/31'2008
T-1,928.11
PMortgage Co
LHome Loan
SHome Loan
EPrincipal
$-568.29
SLoan:Mortgage Interest
EInterest
$-1,109.82
S[Escrow Account]
$-250.00
^
D11/1'2008
MMonthly wine tasting dinner
T-98.50
PCoho Vineyard & Winery
LDining Out
^
D11/1'2008
T-45.00
PThe Gas Company
LBills:Natural Gas-Oil
^
D11/2'2008
T1,175.31
PAUTOMATIC DEPOSIT -- PAYROLL
LWages & Salary:Gross Pay
SWages & Salary:Gross Pay
$1,616.67
STaxes:Federal Income Tax
$-225.00
STaxes:Social Security Tax
$-113.37
STaxes:Medicare Tax
$-38.32
S[Charlie's 401(k) (Contributions)]
E401k withdrawl
$-64.67
^
D11/4'2008
MSale
T-87.22
PThe Phone Company
LBills:Cellular
^
D11/5'2008
T-250.00
L[Woodgrove Bank Savings]
^
D11/5'2008
MIncludes quarterly massage
T-49.95
PThe Gym
LBills:Health Club
^
D11/6'2008
T-179.88
PContoso Ltd.
LGroceries
^
D11/7'2008
T-62.88
PThe Water Company
LBills:Water & Sewer
^
D11/13'2008
T-135.00
PElectric Company
LBills:Electricity
^
D11/17'2008
T1,175.31
PAUTOMATIC DEPOSIT -- PAYROLL
LWages & Salary:Gross Pay
SWages & Salary:Gross Pay
$1,616.67
STaxes:Federal Income Tax
$-225.00
STaxes:Social Security Tax
$-113.37
STaxes:Medicare Tax
$-38.32
S[Charlie's 401(k) (Contributions)]
E401k withdrawl
$-64.67
^
D11/20'2008
T-350.00
PWoodgrove Bank Credit Card
L[Woodgrove Bank Credit Card]
^
D11/20'2008
T1,345.86
PAUTOMATIC DEPOSIT -- PAYROLL
LWages & Salary
^
D11/21'2008
T-24.95
PAdventure Works
LBills:Telephone
^
D11/30'2008
T-53.34
PCity Power & Light
LBills:Cable-Satellite Television
^
D11/30'2008
T-1,928.11
PMortgage Co
LHome Loan
SHome Loan
EPrincipal
$-568.29
SLoan:Mortgage Interest
EInterest
$-1,109.82
S[Escrow Account]
$-250.00
^
D12/1'2008
MMonthly wine tasting dinner
T-98.50
PCoho Vineyard & Winery
LDining Out
^
D12/1'2008
T-45.00
PThe Gas Company
LBills:Natural Gas-Oil
^
D12/2'2008
T1,175.31
PAUTOMATIC DEPOSIT -- PAYROLL
LWages & Salary:Gross Pay
SWages & Salary:Gross Pay
$1,616.67
STaxes:Federal Income Tax
$-225.00
STaxes:Social Security Tax
$-113.37
STaxes:Medicare Tax
$-38.32
S[Charlie's 401(k) (Contributions)]
E401k withdrawl
$-64.67
^
D12/4'2008
MSale
T-87.22
PThe Phone Company
LBills:Cellular
^
D12/5'2008
T-250.00
L[Woodgrove Bank Savings]
^
D12/5'2008
MIncludes quarterly massage
T-49.95
PThe Gym
LBills:Health Club
^
D12/6'2008
T-179.88
PContoso Ltd.
LGroceries
^
D12/7'2008
T-62.88
PThe Water Company
LBills:Water & Sewer
^
D12/13'2008
T-135.00
PElectric Company
LBills:Electricity
^
D12/17'2008
T1,175.31
PAUTOMATIC DEPOSIT -- PAYROLL
LWages & Salary:Gross Pay
SWages & Salary:Gross Pay
$1,616.67
STaxes:Federal Income Tax
$-225.00
STaxes:Social Security Tax
$-113.37
STaxes:Medicare Tax
$-38.32
S[Charlie's 401(k) (Contributions)]
E401k withdrawl
$-64.67
^
D12/20'2008
T-350.00
PWoodgrove Bank Credit Card
L[Woodgrove Bank Credit Card]
^
D12/20'2008
T1,345.86
PAUTOMATIC DEPOSIT -- PAYROLL
LWages & Salary
^
D12/21'2008
T-24.95
PAdventure Works
LBills:Telephone
^
D12/31'2008
T-53.34
PCity Power & Light
LBills:Cable-Satellite Television
^
D12/31'2008
T-1,928.11
PMortgage Co
LHome Loan
SHome Loan
EPrincipal
$-568.29
SLoan:Mortgage Interest
EInterest
$-1,109.82
S[Escrow Account]
$-250.00
^
D1/1'2009
MMonthly wine tasting dinner
T-98.50
PCoho Vineyard & Winery
LDining Out
^
D1/1'2009
T-45.00
PThe Gas Company
LBills:Natural Gas-Oil
^
D1/2'2009
T1,175.31
PAUTOMATIC DEPOSIT -- PAYROLL
LWages & Salary:Gross Pay
SWages & Salary:Gross Pay
$1,616.67
STaxes:Federal Income Tax
$-225.00
STaxes:Social Security Tax
$-113.37
STaxes:Medicare Tax
$-38.32
S[Charlie's 401(k) (Contributions)]
E401k withdrawl
$-64.67
^
D1/4'2009
MSale
T-87.22
PThe Phone Company
LBills:Cellular
^
D1/5'2009
T-250.00
L[Woodgrove Bank Savings]
^
D1/5'2009
MIncludes quarterly massage
T-49.95
PThe Gym
LBills:Health Club
^
D1/6'2009
T-179.88
PContoso Ltd.
LGroceries
^
D1/7'2009
T-62.88
PThe Water Company
LBills:Water & Sewer
^
D1/13'2009
T-135.00
PElectric Company
LBills:Electricity
^
D1/17'2009
T1,175.31
PAUTOMATIC DEPOSIT -- PAYROLL
LWages & Salary:Gross Pay
SWages & Salary:Gross Pay
$1,616.67
STaxes:Federal Income Tax
$-225.00
STaxes:Social Security Tax
$-113.37
STaxes:Medicare Tax
$-38.32
S[Charlie's 401(k) (Contributions)]
E401k withdrawl
$-64.67
^
D1/20'2009
T-350.00
PWoodgrove Bank Credit Card
L[Woodgrove Bank Credit Card]
^
D1/20'2009
T1,345.86
PAUTOMATIC DEPOSIT -- PAYROLL
LWages & Salary
^
D1/21'2009
T-24.95
PAdventure Works
LBills:Telephone
^
D1/31'2009
T-53.34
PCity Power & Light
LBills:Cable-Satellite Television
^
D1/31'2009
T-1,928.11
PMortgage Co
LHome Loan
SHome Loan
EPrincipal
$-568.29
SLoan:Mortgage Interest
EInterest
$-1,109.82
S[Escrow Account]
$-250.00
^
D2/1'2009
MMonthly wine tasting dinner
T-98.50
PCoho Vineyard & Winery
LDining Out
^
D2/1'2009
T-45.00
PThe Gas Company
LBills:Natural Gas-Oil
^
D2/2'2009
T1,175.31
PAUTOMATIC DEPOSIT -- PAYROLL
LWages & Salary:Gross Pay
SWages & Salary:Gross Pay
$1,616.67
STaxes:Federal Income Tax
$-225.00
STaxes:Social Security Tax
$-113.37
STaxes:Medicare Tax
$-38.32
S[Charlie's 401(k) (Contributions)]
E401k withdrawl
$-64.67
^
D2/4'2009
MSale
T-87.22
PThe Phone Company
LBills:Cellular
^
D2/5'2009
T-250.00
L[Woodgrove Bank Savings]
^
D2/5'2009
MIncludes quarterly massage
T-49.95
PThe Gym
LBills:Health Club
^
D2/6'2009
T-179.88
PContoso Ltd.
LGroceries
^
D2/7'2009
T-62.88
PThe Water Company
LBills:Water & Sewer
^
D2/13'2009
T-135.00
PElectric Company
LBills:Electricity
^
D2/17'2009
T1,175.31
PAUTOMATIC DEPOSIT -- PAYROLL
LWages & Salary:Gross Pay
SWages & Salary:Gross Pay
$1,616.67
STaxes:Federal Income Tax
$-225.00
STaxes:Social Security Tax
$-113.37
STaxes:Medicare Tax
$-38.32
S[Charlie's 401(k) (Contributions)]
E401k withdrawl
$-64.67
^
D2/20'2009
T-350.00
PWoodgrove Bank Credit Card
L[Woodgrove Bank Credit Card]
^
D2/20'2009
T1,345.86
PAUTOMATIC DEPOSIT -- PAYROLL
LWages & Salary
^
D2/21'2009
T-24.95
PAdventure Works
LBills:Telephone
^
D2/28'2009
T-53.34
PCity Power & Light
LBills:Cable-Satellite Television
^
D2/28'2009
T-1,928.11
PMortgage Co
LHome Loan
SHome Loan
EPrincipal
$-568.29
SLoan:Mortgage Interest
EInterest
$-1,109.82
S[Escrow Account]
$-250.00
^
D3/1'2009
MMonthly wine tasting dinner
T-98.50
PCoho Vineyard & Winery
LDining Out
^
D3/1'2009
T-45.00
PThe Gas Company
LBills:Natural Gas-Oil
^
D3/2'2009
T1,175.31
PAUTOMATIC DEPOSIT -- PAYROLL
LWages & Salary:Gross Pay
SWages & Salary:Gross Pay
$1,616.67
STaxes:Federal Income Tax
$-225.00
STaxes:Social Security Tax
$-113.37
STaxes:Medicare Tax
$-38.32
S[Charlie's 401(k) (Contributions)]
E401k withdrawl
$-64.67
^
D3/4'2009
MSale
T-87.22
PThe Phone Company
LBills:Cellular
^
D3/5'2009
T-250.00
L[Woodgrove Bank Savings]
^
D3/5'2009
MIncludes quarterly massage
T-49.95
PThe Gym
LBills:Health Club
^
D3/6'2009
T-179.88
PContoso Ltd.
LGroceries
^
D3/7'2009
T-62.88
PThe Water Company
LBills:Water & Sewer
^
D3/13'2009
T-135.00
PElectric Company
LBills:Electricity
^
D3/17'2009
T1,175.31
PAUTOMATIC DEPOSIT -- PAYROLL
LWages & Salary:Gross Pay
SWages & Salary:Gross Pay
$1,616.67
STaxes:Federal Income Tax
$-225.00
STaxes:Social Security Tax
$-113.37
STaxes:Medicare Tax
$-38.32
S[Charlie's 401(k) (Contributions)]
E401k withdrawl
$-64.67
^
D3/20'2009
T-350.00
PWoodgrove Bank Credit Card
L[Woodgrove Bank Credit Card]
^
D3/20'2009
T1,345.86
PAUTOMATIC DEPOSIT -- PAYROLL
LWages & Salary
^
D3/21'2009
T-24.95
PAdventure Works
LBills:Telephone
^
D3/31'2009
T-53.34
PCity Power & Light
LBills:Cable-Satellite Television
^
D3/31'2009
T-1,928.11
PMortgage Co
LHome Loan
SHome Loan
EPrincipal
$-568.29
SLoan:Mortgage Interest
EInterest
$-1,109.82
S[Escrow Account]
$-250.00
^
D4/1'2009
MMonthly wine tasting dinner
T-98.50
PCoho Vineyard & Winery
LDining Out
^
D4/1'2009
T-45.00
PThe Gas Company
LBills:Natural Gas-Oil
^
D4/2'2009
T1,175.31
PAUTOMATIC DEPOSIT -- PAYROLL
LWages & Salary:Gross Pay
SWages & Salary:Gross Pay
$1,616.67
STaxes:Federal Income Tax
$-225.00
STaxes:Social Security Tax
$-113.37
STaxes:Medicare Tax
$-38.32
S[Charlie's 401(k) (Contributions)]
E401k withdrawl
$-64.67
^
D4/4'2009
MSale
T-87.22
PThe Phone Company
LBills:Cellular
^
D4/5'2009
T-250.00
L[Woodgrove Bank Savings]
^
D4/5'2009
MIncludes quarterly massage
T-49.95
PThe Gym
LBills:Health Club
^
D4/6'2009
T-179.88
PContoso Ltd.
LGroceries
^
D4/7'2009
T-62.88
PThe Water Company
LBills:Water & Sewer
^
D4/13'2009
T-135.00
PElectric Company
LBills:Electricity
^
D4/17'2009
T1,175.31
PAUTOMATIC DEPOSIT -- PAYROLL
LWages & Salary:Gross Pay
SWages & Salary:Gross Pay
$1,616.67
STaxes:Federal Income Tax
$-225.00
STaxes:Social Security Tax
$-113.37
STaxes:Medicare Tax
$-38.32
S[Charlie's 401(k) (Contributions)]
E401k withdrawl
$-64.67
^
D4/20'2009
T-350.00
PWoodgrove Bank Credit Card
L[Woodgrove Bank Credit Card]
^
D4/20'2009
T1,345.86
PAUTOMATIC DEPOSIT -- PAYROLL
LWages & Salary
^
D4/21'2009
T-24.95
PAdventure Works
LBills:Telephone
^
D4/30'2009
T-53.34
PCity Power & Light
LBills:Cable-Satellite Television
^
D4/30'2009
T-1,928.11
PMortgage Co
LHome Loan
SHome Loan
EPrincipal
$-568.29
SLoan:Mortgage Interest
EInterest
$-1,109.82
S[Escrow Account]
$-250.00
^
D5/1'2009
MMonthly wine tasting dinner
T-98.50
PCoho Vineyard & Winery
LDining Out
^
D5/1'2009
T-45.00
PThe Gas Company
LBills:Natural Gas-Oil
^
D5/2'2009
T1,175.31
PAUTOMATIC DEPOSIT -- PAYROLL
LWages & Salary:Gross Pay
SWages & Salary:Gross Pay
$1,616.67
STaxes:Federal Income Tax
$-225.00
STaxes:Social Security Tax
$-113.37
STaxes:Medicare Tax
$-38.32
S[Charlie's 401(k) (Contributions)]
E401k withdrawl
$-64.67
^
D5/4'2009
MSale
T-87.22
PThe Phone Company
LBills:Cellular
^
D5/5'2009
T-250.00
L[Woodgrove Bank Savings]
^
D5/5'2009
MIncludes quarterly massage
T-49.95
PThe Gym
LBills:Health Club
^
D5/6'2009
T-179.88
PContoso Ltd.
LGroceries
^
D5/7'2009
T-62.88
PThe Water Company
LBills:Water & Sewer
^
D5/13'2009
T-135.00
PElectric Company
LBills:Electricity
^
D5/17'2009
T1,175.31
PAUTOMATIC DEPOSIT -- PAYROLL
LWages & Salary:Gross Pay
SWages & Salary:Gross Pay
$1,616.67
STaxes:Federal Income Tax
$-225.00
STaxes:Social Security Tax
$-113.37
STaxes:Medicare Tax
$-38.32
S[Charlie's 401(k) (Contributions)]
E401k withdrawl
$-64.67
^
D5/20'2009
T-350.00
PWoodgrove Bank Credit Card
L[Woodgrove Bank Credit Card]
^
D5/20'2009
T1,345.86
PAUTOMATIC DEPOSIT -- PAYROLL
LWages & Salary
^
D5/21'2009
T-24.95
PAdventure Works
LBills:Telephone
^
D5/31'2009
T-53.34
PCity Power & Light
LBills:Cable-Satellite Television
^
D5/31'2009
T-1,928.11
PMortgage Co
LHome Loan
SHome Loan
EPrincipal
$-568.29
SLoan:Mortgage Interest
EInterest
$-1,109.82
S[Escrow Account]
$-250.00
^
D6/1'2009
MMonthly wine tasting dinner
T-98.50
PCoho Vineyard & Winery
LDining Out
^
D6/1'2009
T-45.00
PThe Gas Company
LBills:Natural Gas-Oil
^
D6/2'2009
T1,175.31
PAUTOMATIC DEPOSIT -- PAYROLL
LWages & Salary:Gross Pay
SWages & Salary:Gross Pay
$1,616.67
STaxes:Federal Income Tax
$-225.00
STaxes:Social Security Tax
$-113.37
STaxes:Medicare Tax
$-38.32
S[Charlie's 401(k) (Contributions)]
E401k withdrawl
$-64.67
^
D6/4'2009
MSale
T-87.22
PThe Phone Company
LBills:Cellular
^
D6/5'2009
T-250.00
L[Woodgrove Bank Savings]
^
D6/5'2009
MIncludes quarterly massage
T-49.95
PThe Gym
LBills:Health Club
^
D6/6'2009
T-179.88
PContoso Ltd.
LGroceries
^
D6/7'2009
T-62.88
PThe Water Company
LBills:Water & Sewer
^
D6/13'2009
T-135.00
PElectric Company
LBills:Electricity
^
D6/17'2009
T1,175.31
PAUTOMATIC DEPOSIT -- PAYROLL
LWages & Salary:Gross Pay
SWages & Salary:Gross Pay
$1,616.67
STaxes:Federal Income Tax
$-225.00
STaxes:Social Security Tax
$-113.37
STaxes:Medicare Tax
$-38.32
S[Charlie's 401(k) (Contributions)]
E401k withdrawl
$-64.67
^
D6/20'2009
T-350.00
PWoodgrove Bank Credit Card
L[Woodgrove Bank Credit Card]
^
D6/20'2009
T1,345.86
PAUTOMATIC DEPOSIT -- PAYROLL
LWages & Salary
^
D6/21'2009
T-24.95
PAdventure Works
LBills:Telephone
^
D6/30'2009
T-53.34
PCity Power & Light
LBills:Cable-Satellite Television
^
D6/30'2009
T-1,928.11
PMortgage Co
LHome Loan
SHome Loan
EPrincipal
$-568.29
SLoan:Mortgage Interest
EInterest
$-1,109.82
S[Escrow Account]
$-250.00
^
D7/1'2009
MMonthly wine tasting dinner
T-98.50
PCoho Vineyard & Winery
LDining Out
^
D7/1'2009
T-45.00
PThe Gas Company
LBills:Natural Gas-Oil
^
D7/2'2009
T1,175.31
PAUTOMATIC DEPOSIT -- PAYROLL
LWages & Salary:Gross Pay
SWages & Salary:Gross Pay
$1,616.67
STaxes:Federal Income Tax
$-225.00
STaxes:Social Security Tax
$-113.37
STaxes:Medicare Tax
$-38.32
S[Charlie's 401(k) (Contributions)]
E401k withdrawl
$-64.67
^
D7/4'2009
MSale
T-87.22
PThe Phone Company
LBills:Cellular
^
D7/5'2009
T-250.00
L[Woodgrove Bank Savings]
^
D7/5'2009
MIncludes quarterly massage
T-49.95
PThe Gym
LBills:Health Club
^
D7/6'2009
T-179.88
PContoso Ltd.
LGroceries
^
D7/7'2009
T-62.88
PThe Water Company
LBills:Water & Sewer
^
D7/13'2009
T-135.00
PElectric Company
LBills:Electricity
^
D7/17'2009
T1,175.31
PAUTOMATIC DEPOSIT -- PAYROLL
LWages & Salary:Gross Pay
SWages & Salary:Gross Pay
$1,616.67
STaxes:Federal Income Tax
$-225.00
STaxes:Social Security Tax
$-113.37
STaxes:Medicare Tax
$-38.32
S[Charlie's 401(k) (Contributions)]
E401k withdrawl
$-64.67
^
D7/20'2009
T-350.00
PWoodgrove Bank Credit Card
L[Woodgrove Bank Credit Card]
^
D7/20'2009
T1,345.86
PAUTOMATIC DEPOSIT -- PAYROLL
LWages & Salary
^
D7/21'2009
T-24.95
PAdventure Works
LBills:Telephone
^
D7/31'2009
T-53.34
PCity Power & Light
LBills:Cable-Satellite Television
^
D7/31'2009
T-1,928.11
PMortgage Co
LHome Loan
SHome Loan
EPrincipal
$-568.29
SLoan:Mortgage Interest
EInterest
$-1,109.82
S[Escrow Account]
$-250.00
^
D8/1'2009
MMonthly wine tasting dinner
T-98.50
PCoho Vineyard & Winery
LDining Out
^
D8/1'2009
T-45.00
PThe Gas Company
LBills:Natural Gas-Oil
^
D8/2'2009
T1,175.31
PAUTOMATIC DEPOSIT -- PAYROLL
LWages & Salary:Gross Pay
SWages & Salary:Gross Pay
$1,616.67
STaxes:Federal Income Tax
$-225.00
STaxes:Social Security Tax
$-113.37
STaxes:Medicare Tax
$-38.32
S[Charlie's 401(k) (Contributions)]
E401k withdrawl
$-64.67
^
D8/4'2009
MSale
T-87.22
PThe Phone Company
LBills:Cellular
^
D8/5'2009
T-250.00
L[Woodgrove Bank Savings]
^
D8/5'2009
MIncludes quarterly massage
T-49.95
PThe Gym
LBills:Health Club
^
D8/6'2009
T-179.88
PContoso Ltd.
LGroceries
^
D8/7'2009
T-62.88
PThe Water Company
LBills:Water & Sewer
^
D8/13'2009
T-135.00
PElectric Company
LBills:Electricity
^
D8/17'2009
T1,175.31
PAUTOMATIC DEPOSIT -- PAYROLL
LWages & Salary:Gross Pay
SWages & Salary:Gross Pay
$1,616.67
STaxes:Federal Income Tax
$-225.00
STaxes:Social Security Tax
$-113.37
STaxes:Medicare Tax
$-38.32
S[Charlie's 401(k) (Contributions)]
E401k withdrawl
$-64.67
^
D8/20'2009
T-350.00
PWoodgrove Bank Credit Card
L[Woodgrove Bank Credit Card]
^
D8/20'2009
T1,345.86
PAUTOMATIC DEPOSIT -- PAYROLL
LWages & Salary
^
D8/21'2009
T-24.95
PAdventure Works
LBills:Telephone
^
D8/31'2009
T-53.34
PCity Power & Light
LBills:Cable-Satellite Television
^
D8/31'2009
T-1,928.11
PMortgage Co
LHome Loan
SHome Loan
EPrincipal
$-568.29
SLoan:Mortgage Interest
EInterest
$-1,109.82
S[Escrow Account]
$-250.00
^
D9/1'2009
MMonthly wine tasting dinner
T-98.50
PCoho Vineyard & Winery
LDining Out
^
D9/1'2009
T-45.00
PThe Gas Company
LBills:Natural Gas-Oil
^
D9/2'2009
T1,175.31
PAUTOMATIC DEPOSIT -- PAYROLL
LWages & Salary:Gross Pay
SWages & Salary:Gross Pay
$1,616.67
STaxes:Federal Income Tax
$-225.00
STaxes:Social Security Tax
$-113.37
STaxes:Medicare Tax
$-38.32
S[Charlie's 401(k) (Contributions)]
E401k withdrawl
$-64.67
^
D9/4'2009
MSale
T-87.22
PThe Phone Company
LBills:Cellular
^
D9/5'2009
T-250.00
L[Woodgrove Bank Savings]
^
D9/5'2009
MIncludes quarterly massage
T-49.95
PThe Gym
LBills:Health Club
^
D9/6'2009
T-179.88
PContoso Ltd.
LGroceries
^
D9/7'2009
T-62.88
PThe Water Company
LBills:Water & Sewer
^
D9/13'2009
T-135.00
PElectric Company
LBills:Electricity
^
D9/17'2009
T1,175.31
PAUTOMATIC DEPOSIT -- PAYROLL
LWages & Salary:Gross Pay
SWages & Salary:Gross Pay
$1,616.67
STaxes:Federal Income Tax
$-225.00
STaxes:Social Security Tax
$-113.37
STaxes:Medicare Tax
$-38.32
S[Charlie's 401(k) (Contributions)]
E401k withdrawl
$-64.67
^
D9/20'2009
T-350.00
PWoodgrove Bank Credit Card
L[Woodgrove Bank Credit Card]
^
D9/20'2009
T1,345.86
PAUTOMATIC DEPOSIT -- PAYROLL
LWages & Salary
^
D9/21'2009
T-24.95
PAdventure Works
LBills:Telephone
^
D9/30'2009
T-53.34
PCity Power & Light
LBills:Cable-Satellite Television
^
D9/30'2009
T-1,928.11
PMortgage Co
LHome Loan
SHome Loan
EPrincipal
$-568.29
SLoan:Mortgage Interest
EInterest
$-1,109.82
S[Escrow Account]
$-250.00
^
D10/1'2009
MMonthly wine tasting dinner
T-98.50
PCoho Vineyard & Winery
LDining Out
^
D10/1'2009
T-45.00
PThe Gas Company
LBills:Natural Gas-Oil
^
D10/2'2009
T1,175.31
PAUTOMATIC DEPOSIT -- PAYROLL
LWages & Salary:Gross Pay
SWages & Salary:Gross Pay
$1,616.67
STaxes:Federal Income Tax
$-225.00
STaxes:Social Security Tax
$-113.37
STaxes:Medicare Tax
$-38.32
S[Charlie's 401(k) (Contributions)]
E401k withdrawl
$-64.67
^
D10/4'2009
MSale
T-87.22
PThe Phone Company
LBills:Cellular
^
D10/5'2009
T-250.00
L[Woodgrove Bank Savings]
^
D10/5'2009
MIncludes quarterly massage
T-49.95
PThe Gym
LBills:Health Club
^
D10/6'2009
T-179.88
PContoso Ltd.
LGroceries
^
D10/7'2009
T-62.88
PThe Water Company
LBills:Water & Sewer
^
D10/13'2009
T-135.00
PElectric Company
LBills:Electricity
^
D10/17'2009
T1,175.31
PAUTOMATIC DEPOSIT -- PAYROLL
LWages & Salary:Gross Pay
SWages & Salary:Gross Pay
$1,616.67
STaxes:Federal Income Tax
$-225.00
STaxes:Social Security Tax
$-113.37
STaxes:Medicare Tax
$-38.32
S[Charlie's 401(k) (Contributions)]
E401k withdrawl
$-64.67
^
D10/20'2009
T-350.00
PWoodgrove Bank Credit Card
L[Woodgrove Bank Credit Card]
^
D10/20'2009
T1,345.86
PAUTOMATIC DEPOSIT -- PAYROLL
LWages & Salary
^
D10/21'2009
T-24.95
PAdventure Works
LBills:Telephone
^
D10/31'2009
T-53.34
PCity Power & Light
LBills:Cable-Satellite Television
^
D10/31'2009
T-1,928.11
PMortgage Co
LHome Loan
SHome Loan
EPrincipal
$-568.29
SLoan:Mortgage Interest
EInterest
$-1,109.82
S[Escrow Account]
$-250.00
^
D11/1'2009
MMonthly wine tasting dinner
T-98.50
PCoho Vineyard & Winery
LDining Out
^
D11/1'2009
T-45.00
PThe Gas Company
LBills:Natural Gas-Oil
^
D11/2'2009
T1,175.31
PAUTOMATIC DEPOSIT -- PAYROLL
LWages & Salary:Gross Pay
SWages & Salary:Gross Pay
$1,616.67
STaxes:Federal Income Tax
$-225.00
STaxes:Social Security Tax
$-113.37
STaxes:Medicare Tax
$-38.32
S[Charlie's 401(k) (Contributions)]
E401k withdrawl
$-64.67
^
D11/4'2009
MSale
T-87.22
PThe Phone Company
LBills:Cellular
^
D11/5'2009
T-250.00
L[Woodgrove Bank Savings]
^
D11/5'2009
MIncludes quarterly massage
T-49.95
PThe Gym
LBills:Health Club
^
D11/6'2009
T-179.88
PContoso Ltd.
LGroceries
^
D11/7'2009
T-62.88
PThe Water Company
LBills:Water & Sewer
^
D11/13'2009
T-135.00
PElectric Company
LBills:Electricity
^
D11/17'2009
T1,175.31
PAUTOMATIC DEPOSIT -- PAYROLL
LWages & Salary:Gross Pay
SWages & Salary:Gross Pay
$1,616.67
STaxes:Federal Income Tax
$-225.00
STaxes:Social Security Tax
$-113.37
STaxes:Medicare Tax
$-38.32
S[Charlie's 401(k) (Contributions)]
E401k withdrawl
$-64.67
^
D11/20'2009
T-350.00
PWoodgrove Bank Credit Card
L[Woodgrove Bank Credit Card]
^
D11/20'2009
T1,345.86
PAUTOMATIC DEPOSIT -- PAYROLL
LWages & Salary
^
D11/21'2009
T-24.95
PAdventure Works
LBills:Telephone
^
D11/30'2009
T-53.34
PCity Power & Light
LBills:Cable-Satellite Television
^
D11/30'2009
T-1,928.11
PMortgage Co
LHome Loan
SHome Loan
EPrincipal
$-568.29
SLoan:Mortgage Interest
EInterest
$-1,109.82
S[Escrow Account]
$-250.00
^
D12/1'2009
MMonthly wine tasting dinner
T-98.50
PCoho Vineyard & Winery
LDining Out
^
D12/1'2009
T-45.00
PThe Gas Company
LBills:Natural Gas-Oil
^
D12/2'2009
T1,175.31
PAUTOMATIC DEPOSIT -- PAYROLL
LWages & Salary:Gross Pay
SWages & Salary:Gross Pay
$1,616.67
STaxes:Federal Income Tax
$-225.00
STaxes:Social Security Tax
$-113.37
STaxes:Medicare Tax
$-38.32
S[Charlie's 401(k) (Contributions)]
E401k withdrawl
$-64.67
^
D12/4'2009
MSale
T-87.22
PThe Phone Company
LBills:Cellular
^
D12/5'2009
T-250.00
L[Woodgrove Bank Savings]
^
D12/5'2009
MIncludes quarterly massage
T-49.95
PThe Gym
LBills:Health Club
^
D12/6'2009
T-179.88
PContoso Ltd.
LGroceries
^
D12/7'2009
T-62.88
PThe Water Company
LBills:Water & Sewer
^
D12/13'2009
T-135.00
PElectric Company
LBills:Electricity
^
D12/17'2009
T1,175.31
PAUTOMATIC DEPOSIT -- PAYROLL
LWages & Salary:Gross Pay
SWages & Salary:Gross Pay
$1,616.67
STaxes:Federal Income Tax
$-225.00
STaxes:Social Security Tax
$-113.37
STaxes:Medicare Tax
$-38.32
S[Charlie's 401(k) (Contributions)]
E401k withdrawl
$-64.67
^
D12/20'2009
T-350.00
PWoodgrove Bank Credit Card
L[Woodgrove Bank Credit Card]
^
D12/20'2009
T1,345.86
PAUTOMATIC DEPOSIT -- PAYROLL
LWages & Salary
^
D12/21'2009
T-24.95
PAdventure Works
LBills:Telephone
^
D12/31'2009
T-53.34
PCity Power & Light
LBills:Cable-Satellite Television
^
D12/31'2009
T-1,928.11
PMortgage Co
LHome Loan
SHome Loan
EPrincipal
$-568.29
SLoan:Mortgage Interest
EInterest
$-1,109.82
S[Escrow Account]
$-250.00
^
D1/1'2010
MMonthly wine tasting dinner
T-98.50
PCoho Vineyard & Winery
LDining Out
^
D1/1'2010
T-45.00
PThe Gas Company
LBills:Natural Gas-Oil
^
D1/2'2010
T1,175.31
PAUTOMATIC DEPOSIT -- PAYROLL
LWages & Salary:Gross Pay
SWages & Salary:Gross Pay
$1,616.67
STaxes:Federal Income Tax
$-225.00
STaxes:Social Security Tax
$-113.37
STaxes:Medicare Tax
$-38.32
S[Charlie's 401(k) (Contributions)]
E401k withdrawl
$-64.67
^
D1/4'2010
MSale
T-87.22
PThe Phone Company
LBills:Cellular
^
D1/5'2010
T-250.00
L[Woodgrove Bank Savings]
^
D1/5'2010
MIncludes quarterly massage
T-49.95
PThe Gym
LBills:Health Club
^
D1/6'2010
T-179.88
PContoso Ltd.
LGroceries
^
D1/7'2010
T-62.88
PThe Water Company
LBills:Water & Sewer
^
D1/13'2010
T-135.00
PElectric Company
LBills:Electricity
^
D1/17'2010
T1,175.31
PAUTOMATIC DEPOSIT -- PAYROLL
LWages & Salary:Gross Pay
SWages & Salary:Gross Pay
$1,616.67
STaxes:Federal Income Tax
$-225.00
STaxes:Social Security Tax
$-113.37
STaxes:Medicare Tax
$-38.32
S[Charlie's 401(k) (Contributions)]
E401k withdrawl
$-64.67
^
D1/20'2010
T-350.00
PWoodgrove Bank Credit Card
L[Woodgrove Bank Credit Card]
^
D1/20'2010
T1,345.86
PAUTOMATIC DEPOSIT -- PAYROLL
LWages & Salary
^
D1/21'2010
T-24.95
PAdventure Works
LBills:Telephone
^
D1/31'2010
T-53.34
PCity Power & Light
LBills:Cable-Satellite Television
^
D1/31'2010
T-1,928.11
PMortgage Co
LHome Loan
SHome Loan
EPrincipal
$-568.29
SLoan:Mortgage Interest
EInterest
$-1,109.82
S[Escrow Account]
$-250.00
^
D2/1'2010
MMonthly wine tasting dinner
T-98.50
PCoho Vineyard & Winery
LDining Out
^
D2/1'2010
T-45.00
PThe Gas Company
LBills:Natural Gas-Oil
^
D2/2'2010
T1,175.31
PAUTOMATIC DEPOSIT -- PAYROLL
LWages & Salary:Gross Pay
SWages & Salary:Gross Pay
$1,616.67
STaxes:Federal Income Tax
$-225.00
STaxes:Social Security Tax
$-113.37
STaxes:Medicare Tax
$-38.32
S[Charlie's 401(k) (Contributions)]
E401k withdrawl
$-64.67
^
D2/4'2010
MSale
T-87.22
PThe Phone Company
LBills:Cellular
^
D2/5'2010
T-250.00
L[Woodgrove Bank Savings]
^
D2/5'2010
MIncludes quarterly massage
T-49.95
PThe Gym
LBills:Health Club
^
D2/6'2010
T-179.88
PContoso Ltd.
LGroceries
^
D2/7'2010
T-62.88
PThe Water Company
LBills:Water & Sewer
^
D2/13'2010
T-135.00
PElectric Company
LBills:Electricity
^
D2/17'2010
T1,175.31
PAUTOMATIC DEPOSIT -- PAYROLL
LWages & Salary:Gross Pay
SWages & Salary:Gross Pay
$1,616.67
STaxes:Federal Income Tax
$-225.00
STaxes:Social Security Tax
$-113.37
STaxes:Medicare Tax
$-38.32
S[Charlie's 401(k) (Contributions)]
E401k withdrawl
$-64.67
^
D2/20'2010
T-350.00
PWoodgrove Bank Credit Card
L[Woodgrove Bank Credit Card]
^
D2/20'2010
T1,345.86
PAUTOMATIC DEPOSIT -- PAYROLL
LWages & Salary
^
D2/21'2010
T-24.95
PAdventure Works
LBills:Telephone
^
D2/28'2010
T-53.34
PCity Power & Light
LBills:Cable-Satellite Television
^
D2/28'2010
T-1,928.11
PMortgage Co
LHome Loan
SHome Loan
EPrincipal
$-568.29
SLoan:Mortgage Interest
EInterest
$-1,109.82
S[Escrow Account]
$-250.00
^
D3/1'2010
MMonthly wine tasting dinner
T-98.50
PCoho Vineyard & Winery
LDining Out
^
D3/1'2010
T-45.00
PThe Gas Company
LBills:Natural Gas-Oil
^
D3/2'2010
T1,175.31
PAUTOMATIC DEPOSIT -- PAYROLL
LWages & Salary:Gross Pay
SWages & Salary:Gross Pay
$1,616.67
STaxes:Federal Income Tax
$-225.00
STaxes:Social Security Tax
$-113.37
STaxes:Medicare Tax
$-38.32
S[Charlie's 401(k) (Contributions)]
E401k withdrawl
$-64.67
^
D3/4'2010
MSale
T-87.22
PThe Phone Company
LBills:Cellular
^
D3/5'2010
T-250.00
L[Woodgrove Bank Savings]
^
D3/5'2010
MIncludes quarterly massage
T-49.95
PThe Gym
LBills:Health Club
^
D3/6'2010
T-179.88
PContoso Ltd.
LGroceries
^
D3/7'2010
T-62.88
PThe Water Company
LBills:Water & Sewer
^
D3/13'2010
T-135.00
PElectric Company
LBills:Electricity
^
D3/17'2010
T1,175.31
PAUTOMATIC DEPOSIT -- PAYROLL
LWages & Salary:Gross Pay
SWages & Salary:Gross Pay
$1,616.67
STaxes:Federal Income Tax
$-225.00
STaxes:Social Security Tax
$-113.37
STaxes:Medicare Tax
$-38.32
S[Charlie's 401(k) (Contributions)]
E401k withdrawl
$-64.67
^
D3/20'2010
T-350.00
PWoodgrove Bank Credit Card
L[Woodgrove Bank Credit Card]
^
D3/20'2010
T1,345.86
PAUTOMATIC DEPOSIT -- PAYROLL
LWages & Salary
^
D3/21'2010
T-24.95
PAdventure Works
LBills:Telephone
^
D3/31'2010
T-53.34
PCity Power & Light
LBills:Cable-Satellite Television
^
D3/31'2010
T-1,928.11
PMortgage Co
LHome Loan
SHome Loan
EPrincipal
$-568.29
SLoan:Mortgage Interest
EInterest
$-1,109.82
S[Escrow Account]
$-250.00
^
D4/1'2010
MMonthly wine tasting dinner
T-98.50
PCoho Vineyard & Winery
LDining Out
^
D4/1'2010
T-45.00
PThe Gas Company
LBills:Natural Gas-Oil
^
D4/2'2010
T1,175.31
PAUTOMATIC DEPOSIT -- PAYROLL
LWages & Salary:Gross Pay
SWages & Salary:Gross Pay
$1,616.67
STaxes:Federal Income Tax
$-225.00
STaxes:Social Security Tax
$-113.37
STaxes:Medicare Tax
$-38.32
S[Charlie's 401(k) (Contributions)]
E401k withdrawl
$-64.67
^
D4/4'2010
MSale
T-87.22
PThe Phone Company
LBills:Cellular
^
D4/5'2010
T-250.00
L[Woodgrove Bank Savings]
^
D4/5'2010
MIncludes quarterly massage
T-49.95
PThe Gym
LBills:Health Club
^
D4/6'2010
T-179.88
PContoso Ltd.
LGroceries
^
D4/7'2010
T-62.88
PThe Water Company
LBills:Water & Sewer
^
D4/13'2010
T-135.00
PElectric Company
LBills:Electricity
^
D4/17'2010
T1,175.31
PAUTOMATIC DEPOSIT -- PAYROLL
LWages & Salary:Gross Pay
SWages & Salary:Gross Pay
$1,616.67
STaxes:Federal Income Tax
$-225.00
STaxes:Social Security Tax
$-113.37
STaxes:Medicare Tax
$-38.32
S[Charlie's 401(k) (Contributions)]
E401k withdrawl
$-64.67
^
D4/20'2010
T-350.00
PWoodgrove Bank Credit Card
L[Woodgrove Bank Credit Card]
^
D4/20'2010
T1,345.86
PAUTOMATIC DEPOSIT -- PAYROLL
LWages & Salary
^
D4/21'2010
T-24.95
PAdventure Works
LBills:Telephone
^
D4/30'2010
T-53.34
PCity Power & Light
LBills:Cable-Satellite Television
^
D4/30'2010
T-1,928.11
PMortgage Co
LHome Loan
SHome Loan
EPrincipal
$-568.29
SLoan:Mortgage Interest
EInterest
$-1,109.82
S[Escrow Account]
$-250.00
^
D5/1'2010
MMonthly wine tasting dinner
T-98.50
PCoho Vineyard & Winery
LDining Out
^
D5/1'2010
T-45.00
PThe Gas Company
LBills:Natural Gas-Oil
^
D5/2'2010
T1,175.31
PAUTOMATIC DEPOSIT -- PAYROLL
LWages & Salary:Gross Pay
SWages & Salary:Gross Pay
$1,616.67
STaxes:Federal Income Tax
$-225.00
STaxes:Social Security Tax
$-113.37
STaxes:Medicare Tax
$-38.32
S[Charlie's 401(k) (Contributions)]
E401k withdrawl
$-64.67
^
D5/4'2010
MSale
T-87.22
PThe Phone Company
LBills:Cellular
^
D5/5'2010
T-250.00
L[Woodgrove Bank Savings]
^
D5/5'2010
MIncludes quarterly massage
T-49.95
PThe Gym
LBills:Health Club
^
D5/6'2010
T-179.88
PContoso Ltd.
LGroceries
^
D5/7'2010
T-62.88
PThe Water Company
LBills:Water & Sewer
^
D5/13'2010
T-135.00
PElectric Company
LBills:Electricity
^
D5/17'2010
T1,175.31
PAUTOMATIC DEPOSIT -- PAYROLL
LWages & Salary:Gross Pay
SWages & Salary:Gross Pay
$1,616.67
STaxes:Federal Income Tax
$-225.00
STaxes:Social Security Tax
$-113.37
STaxes:Medicare Tax
$-38.32
S[Charlie's 401(k) (Contributions)]
E401k withdrawl
$-64.67
^
D5/20'2010
T-350.00
PWoodgrove Bank Credit Card
L[Woodgrove Bank Credit Card]
^
D5/20'2010
T1,345.86
PAUTOMATIC DEPOSIT -- PAYROLL
LWages & Salary
^
D5/21'2010
T-24.95
PAdventure Works
LBills:Telephone
^
D5/31'2010
T-53.34
PCity Power & Light
LBills:Cable-Satellite Television
^
D5/31'2010
T-1,928.11
PMortgage Co
LHome Loan
SHome Loan
EPrincipal
$-568.29
SLoan:Mortgage Interest
EInterest
$-1,109.82
S[Escrow Account]
$-250.00
^
D6/1'2010
MMonthly wine tasting dinner
T-98.50
PCoho Vineyard & Winery
LDining Out
^
D6/1'2010
T-45.00
PThe Gas Company
LBills:Natural Gas-Oil
^
D6/2'2010
T1,175.31
PAUTOMATIC DEPOSIT -- PAYROLL
LWages & Salary:Gross Pay
SWages & Salary:Gross Pay
$1,616.67
STaxes:Federal Income Tax
$-225.00
STaxes:Social Security Tax
$-113.37
STaxes:Medicare Tax
$-38.32
S[Charlie's 401(k) (Contributions)]
E401k withdrawl
$-64.67
^
D6/4'2010
MSale
T-87.22
PThe Phone Company
LBills:Cellular
^
D6/5'2010
T-250.00
L[Woodgrove Bank Savings]
^
D6/5'2010
MIncludes quarterly massage
T-49.95
PThe Gym
LBills:Health Club
^
D6/6'2010
T-179.88
PContoso Ltd.
LGroceries
^
D6/7'2010
T-62.88
PThe Water Company
LBills:Water & Sewer
^
D6/13'2010
T-135.00
PElectric Company
LBills:Electricity
^
D6/17'2010
T1,175.31
PAUTOMATIC DEPOSIT -- PAYROLL
LWages & Salary:Gross Pay
SWages & Salary:Gross Pay
$1,616.67
STaxes:Federal Income Tax
$-225.00
STaxes:Social Security Tax
$-113.37
STaxes:Medicare Tax
$-38.32
S[Charlie's 401(k) (Contributions)]
E401k withdrawl
$-64.67
^
D6/20'2010
T-350.00
PWoodgrove Bank Credit Card
L[Woodgrove Bank Credit Card]
^
D6/20'2010
T1,345.86
PAUTOMATIC DEPOSIT -- PAYROLL
LWages & Salary
^
D6/21'2010
T-24.95
PAdventure Works
LBills:Telephone
^
D6/30'2010
T-53.34
PCity Power & Light
LBills:Cable-Satellite Television
^
D6/30'2010
T-1,928.11
PMortgage Co
LHome Loan
SHome Loan
EPrincipal
$-568.29
SLoan:Mortgage Interest
EInterest
$-1,109.82
S[Escrow Account]
$-250.00
^
D7/1'2010
MMonthly wine tasting dinner
T-98.50
PCoho Vineyard & Winery
LDining Out
^
D7/1'2010
T-45.00
PThe Gas Company
LBills:Natural Gas-Oil
^
D7/2'2010
T1,175.31
PAUTOMATIC DEPOSIT -- PAYROLL
LWages & Salary:Gross Pay
SWages & Salary:Gross Pay
$1,616.67
STaxes:Federal Income Tax
$-225.00
STaxes:Social Security Tax
$-113.37
STaxes:Medicare Tax
$-38.32
S[Charlie's 401(k) (Contributions)]
E401k withdrawl
$-64.67
^
D7/4'2010
MSale
T-87.22
PThe Phone Company
LBills:Cellular
^
D7/5'2010
T-250.00
L[Woodgrove Bank Savings]
^
D7/5'2010
MIncludes quarterly massage
T-49.95
PThe Gym
LBills:Health Club
^
D7/6'2010
T-179.88
PContoso Ltd.
LGroceries
^
D7/7'2010
T-62.88
PThe Water Company
LBills:Water & Sewer
^
D7/13'2010
T-135.00
PElectric Company
LBills:Electricity
^
D7/17'2010
T1,175.31
PAUTOMATIC DEPOSIT -- PAYROLL
LWages & Salary:Gross Pay
SWages & Salary:Gross Pay
$1,616.67
STaxes:Federal Income Tax
$-225.00
STaxes:Social Security Tax
$-113.37
STaxes:Medicare Tax
$-38.32
S[Charlie's 401(k) (Contributions)]
E401k withdrawl
$-64.67
^
D7/20'2010
T-350.00
PWoodgrove Bank Credit Card
L[Woodgrove Bank Credit Card]
^
D7/20'2010
T1,345.86
PAUTOMATIC DEPOSIT -- PAYROLL
LWages & Salary
^
D7/21'2010
T-24.95
PAdventure Works
LBills:Telephone
^
D7/31'2010
T-53.34
PCity Power & Light
LBills:Cable-Satellite Television
^
D7/31'2010
T-1,928.11
PMortgage Co
LHome Loan
SHome Loan
EPrincipal
$-568.29
SLoan:Mortgage Interest
EInterest
$-1,109.82
S[Escrow Account]
$-250.00
^
D8/1'2010
MMonthly wine tasting dinner
T-98.50
PCoho Vineyard & Winery
LDining Out
^
D8/1'2010
T-45.00
PThe Gas Company
LBills:Natural Gas-Oil
^
D8/2'2010
T1,175.31
PAUTOMATIC DEPOSIT -- PAYROLL
LWages & Salary:Gross Pay
SWages & Salary:Gross Pay
$1,616.67
STaxes:Federal Income Tax
$-225.00
STaxes:Social Security Tax
$-113.37
STaxes:Medicare Tax
$-38.32
S[Charlie's 401(k) (Contributions)]
E401k withdrawl
$-64.67
^
D8/4'2010
MSale
T-87.22
PThe Phone Company
LBills:Cellular
^
D8/5'2010
T-250.00
L[Woodgrove Bank Savings]
^
D8/5'2010
MIncludes quarterly massage
T-49.95
PThe Gym
LBills:Health Club
^
D8/6'2010
T-179.88
PContoso Ltd.
LGroceries
^
D8/7'2010
T-62.88
PThe Water Company
LBills:Water & Sewer
^
D8/13'2010
T-135.00
PElectric Company
LBills:Electricity
^
D8/17'2010
T1,175.31
PAUTOMATIC DEPOSIT -- PAYROLL
LWages & Salary:Gross Pay
SWages & Salary:Gross Pay
$1,616.67
STaxes:Federal Income Tax
$-225.00
STaxes:Social Security Tax
$-113.37
STaxes:Medicare Tax
$-38.32
S[Charlie's 401(k) (Contributions)]
E401k withdrawl
$-64.67
^
D8/20'2010
T-350.00
PWoodgrove Bank Credit Card
L[Woodgrove Bank Credit Card]
^
D8/20'2010
T1,345.86
PAUTOMATIC DEPOSIT -- PAYROLL
LWages & Salary
^
D8/21'2010
T-24.95
PAdventure Works
LBills:Telephone
^
D8/31'2010
T-53.34
PCity Power & Light
LBills:Cable-Satellite Television
^
D8/31'2010
T-1,928.11
PMortgage Co
LHome Loan
SHome Loan
EPrincipal
$-568.29
SLoan:Mortgage Interest
EInterest
$-1,109.82
S[Escrow Account]
$-250.00
^
D9/1'2010
MMonthly wine tasting dinner
T-98.50
PCoho Vineyard & Winery
LDining Out
^
D9/1'2010
T-45.00
PThe Gas Company
LBills:Natural Gas-Oil
^
D9/2'2010
T1,175.31
PAUTOMATIC DEPOSIT -- PAYROLL
LWages & Salary:Gross Pay
SWages & Salary:Gross Pay
$1,616.67
STaxes:Federal Income Tax
$-225.00
STaxes:Social Security Tax
$-113.37
STaxes:Medicare Tax
$-38.32
S[Charlie's 401(k) (Contributions)]
E401k withdrawl
$-64.67
^
D9/4'2010
MSale
T-87.22
PThe Phone Company
LBills:Cellular
^
D9/5'2010
T-250.00
L[Woodgrove Bank Savings]
^
D9/5'2010
MIncludes quarterly massage
T-49.95
PThe Gym
LBills:Health Club
^
D9/6'2010
T-179.88
PContoso Ltd.
LGroceries
^
D9/7'2010
T-62.88
PThe Water Company
LBills:Water & Sewer
^
D9/13'2010
T-135.00
PElectric Company
LBills:Electricity
^
D9/17'2010
T1,175.31
PAUTOMATIC DEPOSIT -- PAYROLL
LWages & Salary:Gross Pay
SWages & Salary:Gross Pay
$1,616.67
STaxes:Federal Income Tax
$-225.00
STaxes:Social Security Tax
$-113.37
STaxes:Medicare Tax
$-38.32
S[Charlie's 401(k) (Contributions)]
E401k withdrawl
$-64.67
^
D9/20'2010
T-350.00
PWoodgrove Bank Credit Card
L[Woodgrove Bank Credit Card]
^
D9/20'2010
T1,345.86
PAUTOMATIC DEPOSIT -- PAYROLL
LWages & Salary
^
D9/21'2010
T-24.95
PAdventure Works
LBills:Telephone
^
D9/30'2010
T-53.34
PCity Power & Light
LBills:Cable-Satellite Television
^
D9/30'2010
T-1,928.11
PMortgage Co
LHome Loan
SHome Loan
EPrincipal
$-568.29
SLoan:Mortgage Interest
EInterest
$-1,109.82
S[Escrow Account]
$-250.00
^
D10/1'2010
MMonthly wine tasting dinner
T-98.50
PCoho Vineyard & Winery
LDining Out
^
D10/1'2010
T-45.00
PThe Gas Company
LBills:Natural Gas-Oil
^
D10/2'2010
T1,175.31
PAUTOMATIC DEPOSIT -- PAYROLL
LWages & Salary:Gross Pay
SWages & Salary:Gross Pay
$1,616.67
STaxes:Federal Income Tax
$-225.00
STaxes:Social Security Tax
$-113.37
STaxes:Medicare Tax
$-38.32
S[Charlie's 401(k) (Contributions)]
E401k withdrawl
$-64.67
^
D10/4'2010
MSale
T-87.22
PThe Phone Company
LBills:Cellular
^
D10/5'2010
T-250.00
L[Woodgrove Bank Savings]
^
D10/5'2010
MIncludes quarterly massage
T-49.95
PThe Gym
LBills:Health Club
^
D10/6'2010
T-179.88
PContoso Ltd.
LGroceries
^
D10/7'2010
T-62.88
PThe Water Company
LBills:Water & Sewer
^
D10/13'2010
T-135.00
PElectric Company
LBills:Electricity
^
D10/17'2010
T1,175.31
PAUTOMATIC DEPOSIT -- PAYROLL
LWages & Salary:Gross Pay
SWages & Salary:Gross Pay
$1,616.67
STaxes:Federal Income Tax
$-225.00
STaxes:Social Security Tax
$-113.37
STaxes:Medicare Tax
$-38.32
S[Charlie's 401(k) (Contributions)]
E401k withdrawl
$-64.67
^
D10/20'2010
T-350.00
PWoodgrove Bank Credit Card
L[Woodgrove Bank Credit Card]
^
D10/20'2010
T1,345.86
PAUTOMATIC DEPOSIT -- PAYROLL
LWages & Salary
^
D10/21'2010
T-24.95
PAdventure Works
LBills:Telephone
^
D10/31'2010
T-53.34
PCity Power & Light
LBills:Cable-Satellite Television
^
D10/31'2010
T-1,928.11
PMortgage Co
LHome Loan
SHome Loan
EPrincipal
$-568.29
SLoan:Mortgage Interest
EInterest
$-1,109.82
S[Escrow Account]
$-250.00
^
D11/1'2010
MMonthly wine tasting dinner
T-98.50
PCoho Vineyard & Winery
LDining Out
^
D11/1'2010
T-45.00
PThe Gas Company
LBills:Natural Gas-Oil
^
D11/2'2010
T1,175.31
PAUTOMATIC DEPOSIT -- PAYROLL
LWages & Salary:Gross Pay
SWages & Salary:Gross Pay
$1,616.67
STaxes:Federal Income Tax
$-225.00
STaxes:Social Security Tax
$-113.37
STaxes:Medicare Tax
$-38.32
S[Charlie's 401(k) (Contributions)]
E401k withdrawl
$-64.67
^
D11/4'2010
MSale
T-87.22
PThe Phone Company
LBills:Cellular
^
D11/5'2010
T-250.00
L[Woodgrove Bank Savings]
^
D11/5'2010
MIncludes quarterly massage
T-49.95
PThe Gym
LBills:Health Club
^
D11/6'2010
T-179.88
PContoso Ltd.
LGroceries
^
D11/7'2010
T-62.88
PThe Water Company
LBills:Water & Sewer
^
D11/13'2010
T-135.00
PElectric Company
LBills:Electricity
^
D11/17'2010
T1,175.31
PAUTOMATIC DEPOSIT -- PAYROLL
LWages & Salary:Gross Pay
SWages & Salary:Gross Pay
$1,616.67
STaxes:Federal Income Tax
$-225.00
STaxes:Social Security Tax
$-113.37
STaxes:Medicare Tax
$-38.32
S[Charlie's 401(k) (Contributions)]
E401k withdrawl
$-64.67
^
D11/20'2010
T-350.00
PWoodgrove Bank Credit Card
L[Woodgrove Bank Credit Card]
^
D11/20'2010
T1,345.86
PAUTOMATIC DEPOSIT -- PAYROLL
LWages & Salary
^
D11/21'2010
T-24.95
PAdventure Works
LBills:Telephone
^
D11/30'2010
T-53.34
PCity Power & Light
LBills:Cable-Satellite Television
^
D11/30'2010
T-1,928.11
PMortgage Co
LHome Loan
SHome Loan
EPrincipal
$-568.29
SLoan:Mortgage Interest
EInterest
$-1,109.82
S[Escrow Account]
$-250.00
^
D12/1'2010
MMonthly wine tasting dinner
T-98.50
PCoho Vineyard & Winery
LDining Out
^
D12/1'2010
T-45.00
PThe Gas Company
LBills:Natural Gas-Oil
^
D12/2'2010
T1,175.31
PAUTOMATIC DEPOSIT -- PAYROLL
LWages & Salary:Gross Pay
SWages & Salary:Gross Pay
$1,616.67
STaxes:Federal Income Tax
$-225.00
STaxes:Social Security Tax
$-113.37
STaxes:Medicare Tax
$-38.32
S[Charlie's 401(k) (Contributions)]
E401k withdrawl
$-64.67
^
D12/4'2010
MSale
T-87.22
PThe Phone Company
LBills:Cellular
^
D12/5'2010
T-250.00
L[Woodgrove Bank Savings]
^
D12/5'2010
MIncludes quarterly massage
T-49.95
PThe Gym
LBills:Health Club
^
D12/6'2010
T-179.88
PContoso Ltd.
LGroceries
^
D12/7'2010
T-62.88
PThe Water Company
LBills:Water & Sewer
^
D12/13'2010
T-135.00
PElectric Company
LBills:Electricity
^
D12/17'2010
T1,175.31
PAUTOMATIC DEPOSIT -- PAYROLL
LWages & Salary:Gross Pay
SWages & Salary:Gross Pay
$1,616.67
STaxes:Federal Income Tax
$-225.00
STaxes:Social Security Tax
$-113.37
STaxes:Medicare Tax
$-38.32
S[Charlie's 401(k) (Contributions)]
E401k withdrawl
$-64.67
^
D12/20'2010
T-350.00
PWoodgrove Bank Credit Card
L[Woodgrove Bank Credit Card]
^
D12/20'2010
T1,345.86
PAUTOMATIC DEPOSIT -- PAYROLL
LWages & Salary
^
D12/21'2010
T-24.95
PAdventure Works
LBills:Telephone
^
D12/31'2010
T-53.34
PCity Power & Light
LBills:Cable-Satellite Television
^
D12/31'2010
T-1,928.11
PMortgage Co
LHome Loan
SHome Loan
EPrincipal
$-568.29
SLoan:Mortgage Interest
EInterest
$-1,109.82
S[Escrow Account]
$-250.00
^
D1/1'2011
MMonthly wine tasting dinner
T-98.50
PCoho Vineyard & Winery
LDining Out
^
D1/1'2011
T-45.00
PThe Gas Company
LBills:Natural Gas-Oil
^
D1/2'2011
T1,175.31
PAUTOMATIC DEPOSIT -- PAYROLL
LWages & Salary:Gross Pay
SWages & Salary:Gross Pay
$1,616.67
STaxes:Federal Income Tax
$-225.00
STaxes:Social Security Tax
$-113.37
STaxes:Medicare Tax
$-38.32
S[Charlie's 401(k) (Contributions)]
E401k withdrawl
$-64.67
^
D1/4'2011
MSale
T-87.22
PThe Phone Company
LBills:Cellular
^
D1/5'2011
T-250.00
L[Woodgrove Bank Savings]
^
D1/5'2011
MIncludes quarterly massage
T-49.95
PThe Gym
LBills:Health Club
^
D1/6'2011
T-179.88
PContoso Ltd.
LGroceries
^
D1/7'2011
T-62.88
PThe Water Company
LBills:Water & Sewer
^
D1/13'2011
T-135.00
PElectric Company
LBills:Electricity
^
D1/17'2011
T1,175.31
PAUTOMATIC DEPOSIT -- PAYROLL
LWages & Salary:Gross Pay
SWages & Salary:Gross Pay
$1,616.67
STaxes:Federal Income Tax
$-225.00
STaxes:Social Security Tax
$-113.37
STaxes:Medicare Tax
$-38.32
S[Charlie's 401(k) (Contributions)]
E401k withdrawl
$-64.67
^
D1/20'2011
T-350.00
PWoodgrove Bank Credit Card
L[Woodgrove Bank Credit Card]
^
D1/20'2011
T1,345.86
PAUTOMATIC DEPOSIT -- PAYROLL
LWages & Salary
^
D1/21'2011
T-24.95
PAdventure Works
LBills:Telephone
^
D1/31'2011
T-53.34
PCity Power & Light
LBills:Cable-Satellite Television
^
D1/31'2011
T-1,928.11
PMortgage Co
LHome Loan
SHome Loan
EPrincipal
$-568.29
SLoan:Mortgage Interest
EInterest
$-1,109.82
S[Escrow Account]
$-250.00
^
D2/1'2011
MMonthly wine tasting dinner
T-98.50
PCoho Vineyard & Winery
LDining Out
^
D2/1'2011
T-45.00
PThe Gas Company
LBills:Natural Gas-Oil
^
D2/2'2011
T1,175.31
PAUTOMATIC DEPOSIT -- PAYROLL
LWages & Salary:Gross Pay
SWages & Salary:Gross Pay
$1,616.67
STaxes:Federal Income Tax
$-225.00
STaxes:Social Security Tax
$-113.37
STaxes:Medicare Tax
$-38.32
S[Charlie's 401(k) (Contributions)]
E401k withdrawl
$-64.67
^
D2/4'2011
MSale
T-87.22
PThe Phone Company
LBills:Cellular
^
D2/5'2011
T-250.00
L[Woodgrove Bank Savings]
^
D2/5'2011
MIncludes quarterly massage
T-49.95
PThe Gym
LBills:Health Club
^
D2/6'2011
T-179.88
PContoso Ltd.
LGroceries
^
D2/7'2011
T-62.88
PThe Water Company
LBills:Water & Sewer
^
D2/13'2011
T-135.00
PElectric Company
LBills:Electricity
^
D2/17'2011
T1,175.31
PAUTOMATIC DEPOSIT -- PAYROLL
LWages & Salary:Gross Pay
SWages & Salary:Gross Pay
$1,616.67
STaxes:Federal Income Tax
$-225.00
STaxes:Social Security Tax
$-113.37
STaxes:Medicare Tax
$-38.32
S[Charlie's 401(k) (Contributions)]
E401k withdrawl
$-64.67
^
D2/20'2011
T-350.00
PWoodgrove Bank Credit Card
L[Woodgrove Bank Credit Card]
^
D2/20'2011
T1,345.86
PAUTOMATIC DEPOSIT -- PAYROLL
LWages & Salary
^
D2/21'2011
T-24.95
PAdventure Works
LBills:Telephone
^
D2/28'2011
T-53.34
PCity Power & Light
LBills:Cable-Satellite Television
^
D2/28'2011
T-1,928.11
PMortgage Co
LHome Loan
SHome Loan
EPrincipal
$-568.29
SLoan:Mortgage Interest
EInterest
$-1,109.82
S[Escrow Account]
$-250.00
^
D3/1'2011
MMonthly wine tasting dinner
T-98.50
PCoho Vineyard & Winery
LDining Out
^
D3/1'2011
T-45.00
PThe Gas Company
LBills:Natural Gas-Oil
^
D3/2'2011
T1,175.31
PAUTOMATIC DEPOSIT -- PAYROLL
LWages & Salary:Gross Pay
SWages & Salary:Gross Pay
$1,616.67
STaxes:Federal Income Tax
$-225.00
STaxes:Social Security Tax
$-113.37
STaxes:Medicare Tax
$-38.32
S[Charlie's 401(k) (Contributions)]
E401k withdrawl
$-64.67
^
D3/4'2011
MSale
T-87.22
PThe Phone Company
LBills:Cellular
^
D3/5'2011
T-250.00
L[Woodgrove Bank Savings]
^
D3/5'2011
MIncludes quarterly massage
T-49.95
PThe Gym
LBills:Health Club
^
D3/6'2011
T-179.88
PContoso Ltd.
LGroceries
^
D3/7'2011
T-62.88
PThe Water Company
LBills:Water & Sewer
^
D3/13'2011
T-135.00
PElectric Company
LBills:Electricity
^
D3/17'2011
T1,175.31
PAUTOMATIC DEPOSIT -- PAYROLL
LWages & Salary:Gross Pay
SWages & Salary:Gross Pay
$1,616.67
STaxes:Federal Income Tax
$-225.00
STaxes:Social Security Tax
$-113.37
STaxes:Medicare Tax
$-38.32
S[Charlie's 401(k) (Contributions)]
E401k withdrawl
$-64.67
^
D3/20'2011
T-350.00
PWoodgrove Bank Credit Card
L[Woodgrove Bank Credit Card]
^
D3/20'2011
T1,345.86
PAUTOMATIC DEPOSIT -- PAYROLL
LWages & Salary
^
D3/21'2011
T-24.95
PAdventure Works
LBills:Telephone
^
D3/31'2011
T-53.34
PCity Power & Light
LBills:Cable-Satellite Television
^
D3/31'2011
T-1,928.11
PMortgage Co
LHome Loan
SHome Loan
EPrincipal
$-568.29
SLoan:Mortgage Interest
EInterest
$-1,109.82
S[Escrow Account]
$-250.00
^
D4/1'2011
MMonthly wine tasting dinner
T-98.50
PCoho Vineyard & Winery
LDining Out
^
D4/1'2011
T-45.00
PThe Gas Company
LBills:Natural Gas-Oil
^
D4/2'2011
T1,175.31
PAUTOMATIC DEPOSIT -- PAYROLL
LWages & Salary:Gross Pay
SWages & Salary:Gross Pay
$1,616.67
STaxes:Federal Income Tax
$-225.00
STaxes:Social Security Tax
$-113.37
STaxes:Medicare Tax
$-38.32
S[Charlie's 401(k) (Contributions)]
E401k withdrawl
$-64.67
^
D4/4'2011
MSale
T-87.22
PThe Phone Company
LBills:Cellular
^
D4/5'2011
T-250.00
L[Woodgrove Bank Savings]
^
D4/5'2011
MIncludes quarterly massage
T-49.95
PThe Gym
LBills:Health Club
^
D4/6'2011
T-179.88
PContoso Ltd.
LGroceries
^
D4/7'2011
T-62.88
PThe Water Company
LBills:Water & Sewer
^
D4/13'2011
T-135.00
PElectric Company
LBills:Electricity
^
D4/17'2011
T1,175.31
PAUTOMATIC DEPOSIT -- PAYROLL
LWages & Salary:Gross Pay
SWages & Salary:Gross Pay
$1,616.67
STaxes:Federal Income Tax
$-225.00
STaxes:Social Security Tax
$-113.37
STaxes:Medicare Tax
$-38.32
S[Charlie's 401(k) (Contributions)]
E401k withdrawl
$-64.67
^
D4/20'2011
T-350.00
PWoodgrove Bank Credit Card
L[Woodgrove Bank Credit Card]
^
D4/20'2011
T1,345.86
PAUTOMATIC DEPOSIT -- PAYROLL
LWages & Salary
^
D4/21'2011
T-24.95
PAdventure Works
LBills:Telephone
^
D4/30'2011
T-53.34
PCity Power & Light
LBills:Cable-Satellite Television
^
D4/30'2011
T-1,928.11
PMortgage Co
LHome Loan
SHome Loan
EPrincipal
$-568.29
SLoan:Mortgage Interest
EInterest
$-1,109.82
S[Escrow Account]
$-250.00
^
D5/1'2011
MMonthly wine tasting dinner
T-98.50
PCoho Vineyard & Winery
LDining Out
^
D5/1'2011
T-45.00
PThe Gas Company
LBills:Natural Gas-Oil
^
D5/2'2011
T1,175.31
PAUTOMATIC DEPOSIT -- PAYROLL
LWages & Salary:Gross Pay
SWages & Salary:Gross Pay
$1,616.67
STaxes:Federal Income Tax
$-225.00
STaxes:Social Security Tax
$-113.37
STaxes:Medicare Tax
$-38.32
S[Charlie's 401(k) (Contributions)]
E401k withdrawl
$-64.67
^
D5/4'2011
MSale
T-87.22
PThe Phone Company
LBills:Cellular
^
D5/5'2011
T-250.00
L[Woodgrove Bank Savings]
^
D5/5'2011
MIncludes quarterly massage
T-49.95
PThe Gym
LBills:Health Club
^
D5/6'2011
T-179.88
PContoso Ltd.
LGroceries
^
D5/7'2011
T-62.88
PThe Water Company
LBills:Water & Sewer
^
D5/13'2011
T-135.00
PElectric Company
LBills:Electricity
^
D5/17'2011
T1,175.31
PAUTOMATIC DEPOSIT -- PAYROLL
LWages & Salary:Gross Pay
SWages & Salary:Gross Pay
$1,616.67
STaxes:Federal Income Tax
$-225.00
STaxes:Social Security Tax
$-113.37
STaxes:Medicare Tax
$-38.32
S[Charlie's 401(k) (Contributions)]
E401k withdrawl
$-64.67
^
D5/20'2011
T-350.00
PWoodgrove Bank Credit Card
L[Woodgrove Bank Credit Card]
^
D5/20'2011
T1,345.86
PAUTOMATIC DEPOSIT -- PAYROLL
LWages & Salary
^
D5/21'2011
T-24.95
PAdventure Works
LBills:Telephone
^
D5/31'2011
T-53.34
PCity Power & Light
LBills:Cable-Satellite Television
^
D5/31'2011
T-1,928.11
PMortgage Co
LHome Loan
SHome Loan
EPrincipal
$-568.29
SLoan:Mortgage Interest
EInterest
$-1,109.82
S[Escrow Account]
$-250.00
^
D6/1'2011
MMonthly wine tasting dinner
T-98.50
PCoho Vineyard & Winery
LDining Out
^
D6/1'2011
T-45.00
PThe Gas Company
LBills:Natural Gas-Oil
^
D6/2'2011
T1,175.31
PAUTOMATIC DEPOSIT -- PAYROLL
LWages & Salary:Gross Pay
SWages & Salary:Gross Pay
$1,616.67
STaxes:Federal Income Tax
$-225.00
STaxes:Social Security Tax
$-113.37
STaxes:Medicare Tax
$-38.32
S[Charlie's 401(k) (Contributions)]
E401k withdrawl
$-64.67
^
D6/4'2011
MSale
T-87.22
PThe Phone Company
LBills:Cellular
^
D6/5'2011
T-250.00
L[Woodgrove Bank Savings]
^
D6/5'2011
MIncludes quarterly massage
T-49.95
PThe Gym
LBills:Health Club
^
D6/6'2011
T-179.88
PContoso Ltd.
LGroceries
^
D6/7'2011
T-62.88
PThe Water Company
LBills:Water & Sewer
^
D6/13'2011
T-135.00
PElectric Company
LBills:Electricity
^
D6/17'2011
T1,175.31
PAUTOMATIC DEPOSIT -- PAYROLL
LWages & Salary:Gross Pay
SWages & Salary:Gross Pay
$1,616.67
STaxes:Federal Income Tax
$-225.00
STaxes:Social Security Tax
$-113.37
STaxes:Medicare Tax
$-38.32
S[Charlie's 401(k) (Contributions)]
E401k withdrawl
$-64.67
^
D6/20'2011
T-350.00
PWoodgrove Bank Credit Card
L[Woodgrove Bank Credit Card]
^
D6/20'2011
T1,345.86
PAUTOMATIC DEPOSIT -- PAYROLL
LWages & Salary
^
D6/21'2011
T-24.95
PAdventure Works
LBills:Telephone
^
D6/30'2011
T-53.34
PCity Power & Light
LBills:Cable-Satellite Television
^
D6/30'2011
T-1,928.11
PMortgage Co
LHome Loan
SHome Loan
EPrincipal
$-568.29
SLoan:Mortgage Interest
EInterest
$-1,109.82
S[Escrow Account]
$-250.00
^
D7/1'2011
MMonthly wine tasting dinner
T-98.50
PCoho Vineyard & Winery
LDining Out
^
D7/1'2011
T-45.00
PThe Gas Company
LBills:Natural Gas-Oil
^
D7/2'2011
T1,175.31
PAUTOMATIC DEPOSIT -- PAYROLL
LWages & Salary:Gross Pay
SWages & Salary:Gross Pay
$1,616.67
STaxes:Federal Income Tax
$-225.00
STaxes:Social Security Tax
$-113.37
STaxes:Medicare Tax
$-38.32
S[Charlie's 401(k) (Contributions)]
E401k withdrawl
$-64.67
^
D7/4'2011
MSale
T-87.22
PThe Phone Company
LBills:Cellular
^
D7/5'2011
T-250.00
L[Woodgrove Bank Savings]
^
D7/5'2011
MIncludes quarterly massage
T-49.95
PThe Gym
LBills:Health Club
^
D7/6'2011
T-179.88
PContoso Ltd.
LGroceries
^
D7/7'2011
T-62.88
PThe Water Company
LBills:Water & Sewer
^
D7/13'2011
T-135.00
PElectric Company
LBills:Electricity
^
D7/17'2011
T1,175.31
PAUTOMATIC DEPOSIT -- PAYROLL
LWages & Salary:Gross Pay
SWages & Salary:Gross Pay
$1,616.67
STaxes:Federal Income Tax
$-225.00
STaxes:Social Security Tax
$-113.37
STaxes:Medicare Tax
$-38.32
S[Charlie's 401(k) (Contributions)]
E401k withdrawl
$-64.67
^
D7/20'2011
T-350.00
PWoodgrove Bank Credit Card
L[Woodgrove Bank Credit Card]
^
D7/20'2011
T1,345.86
PAUTOMATIC DEPOSIT -- PAYROLL
LWages & Salary
^
D7/21'2011
T-24.95
PAdventure Works
LBills:Telephone
^
D7/31'2011
T-53.34
PCity Power & Light
LBills:Cable-Satellite Television
^
D7/31'2011
T-1,928.11
PMortgage Co
LHome Loan
SHome Loan
EPrincipal
$-568.29
SLoan:Mortgage Interest
EInterest
$-1,109.82
S[Escrow Account]
$-250.00
^
D8/1'2011
MMonthly wine tasting dinner
T-98.50
PCoho Vineyard & Winery
LDining Out
^
D8/1'2011
T-45.00
PThe Gas Company
LBills:Natural Gas-Oil
^
D8/2'2011
T1,175.31
PAUTOMATIC DEPOSIT -- PAYROLL
LWages & Salary:Gross Pay
SWages & Salary:Gross Pay
$1,616.67
STaxes:Federal Income Tax
$-225.00
STaxes:Social Security Tax
$-113.37
STaxes:Medicare Tax
$-38.32
S[Charlie's 401(k) (Contributions)]
E401k withdrawl
$-64.67
^
D8/4'2011
MSale
T-87.22
PThe Phone Company
LBills:Cellular
^
D8/5'2011
T-250.00
L[Woodgrove Bank Savings]
^
D8/5'2011
MIncludes quarterly massage
T-49.95
PThe Gym
LBills:Health Club
^
D8/6'2011
T-179.88
PContoso Ltd.
LGroceries
^
D8/7'2011
T-62.88
PThe Water Company
LBills:Water & Sewer
^
D8/13'2011
T-135.00
PElectric Company
LBills:Electricity
^
D8/17'2011
T1,175.31
PAUTOMATIC DEPOSIT -- PAYROLL
LWages & Salary:Gross Pay
SWages & Salary:Gross Pay
$1,616.67
STaxes:Federal Income Tax
$-225.00
STaxes:Social Security Tax
$-113.37
STaxes:Medicare Tax
$-38.32
S[Charlie's 401(k) (Contributions)]
E401k withdrawl
$-64.67
^
D8/20'2011
T-350.00
PWoodgrove Bank Credit Card
L[Woodgrove Bank Credit Card]
^
D8/20'2011
T1,345.86
PAUTOMATIC DEPOSIT -- PAYROLL
LWages & Salary
^
D8/21'2011
T-24.95
PAdventure Works
LBills:Telephone
^
D8/31'2011
T-53.34
PCity Power & Light
LBills:Cable-Satellite Television
^
D8/31'2011
T-1,928.11
PMortgage Co
LHome Loan
SHome Loan
EPrincipal
$-568.29
SLoan:Mortgage Interest
EInterest
$-1,109.82
S[Escrow Account]
$-250.00
^
D9/1'2011
MMonthly wine tasting dinner
T-98.50
PCoho Vineyard & Winery
LDining Out
^
D9/1'2011
T-45.00
PThe Gas Company
LBills:Natural Gas-Oil
^
D9/2'2011
T1,175.31
PAUTOMATIC DEPOSIT -- PAYROLL
LWages & Salary:Gross Pay
SWages & Salary:Gross Pay
$1,616.67
STaxes:Federal Income Tax
$-225.00
STaxes:Social Security Tax
$-113.37
STaxes:Medicare Tax
$-38.32
S[Charlie's 401(k) (Contributions)]
E401k withdrawl
$-64.67
^
D9/4'2011
MSale
T-87.22
PThe Phone Company
LBills:Cellular
^
D9/5'2011
T-250.00
L[Woodgrove Bank Savings]
^
D9/5'2011
MIncludes quarterly massage
T-49.95
PThe Gym
LBills:Health Club
^
D9/6'2011
T-179.88
PContoso Ltd.
LGroceries
^
D9/7'2011
T-62.88
PThe Water Company
LBills:Water & Sewer
^
D9/13'2011
T-135.00
PElectric Company
LBills:Electricity
^
D9/17'2011
T1,175.31
PAUTOMATIC DEPOSIT -- PAYROLL
LWages & Salary:Gross Pay
SWages & Salary:Gross Pay
$1,616.67
STaxes:Federal Income Tax
$-225.00
STaxes:Social Security Tax
$-113.37
STaxes:Medicare Tax
$-38.32
S[Charlie's 401(k) (Contributions)]
E401k withdrawl
$-64.67
^
D9/20'2011
T-350.00
PWoodgrove Bank Credit Card
L[Woodgrove Bank Credit Card]
^
D9/20'2011
T1,345.86
PAUTOMATIC DEPOSIT -- PAYROLL
LWages & Salary
^
D9/21'2011
T-24.95
PAdventure Works
LBills:Telephone
^
D9/30'2011
T-53.34
PCity Power & Light
LBills:Cable-Satellite Television
^
D9/30'2011
T-1,928.11
PMortgage Co
LHome Loan
SHome Loan
EPrincipal
$-568.29
SLoan:Mortgage Interest
EInterest
$-1,109.82
S[Escrow Account]
$-250.00
^
D10/1'2011
MMonthly wine tasting dinner
T-98.50
PCoho Vineyard & Winery
LDining Out
^
D10/1'2011
T-45.00
PThe Gas Company
LBills:Natural Gas-Oil
^
D10/2'2011
T1,175.31
PAUTOMATIC DEPOSIT -- PAYROLL
LWages & Salary:Gross Pay
SWages & Salary:Gross Pay
$1,616.67
STaxes:Federal Income Tax
$-225.00
STaxes:Social Security Tax
$-113.37
STaxes:Medicare Tax
$-38.32
S[Charlie's 401(k) (Contributions)]
E401k withdrawl
$-64.67
^
D10/4'2011
MSale
T-87.22
PThe Phone Company
LBills:Cellular
^
D10/5'2011
T-250.00
L[Woodgrove Bank Savings]
^
D10/5'2011
MIncludes quarterly massage
T-49.95
PThe Gym
LBills:Health Club
^
D10/6'2011
T-179.88
PContoso Ltd.
LGroceries
^
D10/7'2011
T-62.88
PThe Water Company
LBills:Water & Sewer
^
D10/13'2011
T-135.00
PElectric Company
LBills:Electricity
^
D10/17'2011
T1,175.31
PAUTOMATIC DEPOSIT -- PAYROLL
LWages & Salary:Gross Pay
SWages & Salary:Gross Pay
$1,616.67
STaxes:Federal Income Tax
$-225.00
STaxes:Social Security Tax
$-113.37
STaxes:Medicare Tax
$-38.32
S[Charlie's 401(k) (Contributions)]
E401k withdrawl
$-64.67
^
D10/20'2011
T-350.00
PWoodgrove Bank Credit Card
L[Woodgrove Bank Credit Card]
^
D10/20'2011
T1,345.86
PAUTOMATIC DEPOSIT -- PAYROLL
LWages & Salary
^
D10/21'2011
T-24.95
PAdventure Works
LBills:Telephone
^
D10/31'2011
T-53.34
PCity Power & Light
LBills:Cable-Satellite Television
^
D10/31'2011
T-1,928.11
PMortgage Co
LHome Loan
SHome Loan
EPrincipal
$-568.29
SLoan:Mortgage Interest
EInterest
$-1,109.82
S[Escrow Account]
$-250.00
^
D11/1'2011
MMonthly wine tasting dinner
T-98.50
PCoho Vineyard & Winery
LDining Out
^
D11/1'2011
T-45.00
PThe Gas Company
LBills:Natural Gas-Oil
^
D11/2'2011
T1,175.31
PAUTOMATIC DEPOSIT -- PAYROLL
LWages & Salary:Gross Pay
SWages & Salary:Gross Pay
$1,616.67
STaxes:Federal Income Tax
$-225.00
STaxes:Social Security Tax
$-113.37
STaxes:Medicare Tax
$-38.32
S[Charlie's 401(k) (Contributions)]
E401k withdrawl
$-64.67
^
D11/4'2011
MSale
T-87.22
PThe Phone Company
LBills:Cellular
^
D11/5'2011
T-250.00
L[Woodgrove Bank Savings]
^
D11/5'2011
MIncludes quarterly massage
T-49.95
PThe Gym
LBills:Health Club
^
D11/6'2011
T-179.88
PContoso Ltd.
LGroceries
^
D11/7'2011
T-62.88
PThe Water Company
LBills:Water & Sewer
^
D11/13'2011
T-135.00
PElectric Company
LBills:Electricity
^
D11/17'2011
T1,175.31
PAUTOMATIC DEPOSIT -- PAYROLL
LWages & Salary:Gross Pay
SWages & Salary:Gross Pay
$1,616.67
STaxes:Federal Income Tax
$-225.00
STaxes:Social Security Tax
$-113.37
STaxes:Medicare Tax
$-38.32
S[Charlie's 401(k) (Contributions)]
E401k withdrawl
$-64.67
^
D11/20'2011
T-350.00
PWoodgrove Bank Credit Card
L[Woodgrove Bank Credit Card]
^
D11/20'2011
T1,345.86
PAUTOMATIC DEPOSIT -- PAYROLL
LWages & Salary
^
D11/21'2011
T-24.95
PAdventure Works
LBills:Telephone
^
D11/30'2011
T-53.34
PCity Power & Light
LBills:Cable-Satellite Television
^
D11/30'2011
T-1,928.11
PMortgage Co
LHome Loan
SHome Loan
EPrincipal
$-568.29
SLoan:Mortgage Interest
EInterest
$-1,109.82
S[Escrow Account]
$-250.00
^
D12/1'2011
MMonthly wine tasting dinner
T-98.50
PCoho Vineyard & Winery
LDining Out
^
D12/1'2011
T-45.00
PThe Gas Company
LBills:Natural Gas-Oil
^
D12/2'2011
T1,175.31
PAUTOMATIC DEPOSIT -- PAYROLL
LWages & Salary:Gross Pay
SWages & Salary:Gross Pay
$1,616.67
STaxes:Federal Income Tax
$-225.00
STaxes:Social Security Tax
$-113.37
STaxes:Medicare Tax
$-38.32
S[Charlie's 401(k) (Contributions)]
E401k withdrawl
$-64.67
^
D12/4'2011
MSale
T-87.22
PThe Phone Company
LBills:Cellular
^
D12/5'2011
T-250.00
L[Woodgrove Bank Savings]
^
D12/5'2011
MIncludes quarterly massage
T-49.95
PThe Gym
LBills:Health Club
^
D12/6'2011
T-179.88
PContoso Ltd.
LGroceries
^
D12/7'2011
T-62.88
PThe Water Company
LBills:Water & Sewer
^
D12/13'2011
T-135.00
PElectric Company
LBills:Electricity
^
D12/17'2011
T1,175.31
PAUTOMATIC DEPOSIT -- PAYROLL
LWages & Salary:Gross Pay
SWages & Salary:Gross Pay
$1,616.67
STaxes:Federal Income Tax
$-225.00
STaxes:Social Security Tax
$-113.37
STaxes:Medicare Tax
$-38.32
S[Charlie's 401(k) (Contributions)]
E401k withdrawl
$-64.67
^
D12/20'2011
T-350.00
PWoodgrove Bank Credit Card
L[Woodgrove Bank Credit Card]
^
D12/20'2011
T1,345.86
PAUTOMATIC DEPOSIT -- PAYROLL
LWages & Salary
^
D12/21'2011
T-24.95
PAdventure Works
LBills:Telephone
^
D12/31'2011
T-53.34
PCity Power & Light
LBills:Cable-Satellite Television
^
D12/31'2011
T-1,928.11
PMortgage Co
LHome Loan
SHome Loan
EPrincipal
$-568.29
SLoan:Mortgage Interest
EInterest
$-1,109.82
S[Escrow Account]
$-250.00
^
D1/1'2012
MMonthly wine tasting dinner
T-98.50
PCoho Vineyard & Winery
LDining Out
^
D1/1'2012
T-45.00
PThe Gas Company
LBills:Natural Gas-Oil
^
D1/2'2012
T1,175.31
PAUTOMATIC DEPOSIT -- PAYROLL
LWages & Salary:Gross Pay
SWages & Salary:Gross Pay
$1,616.67
STaxes:Federal Income Tax
$-225.00
STaxes:Social Security Tax
$-113.37
STaxes:Medicare Tax
$-38.32
S[Charlie's 401(k) (Contributions)]
E401k withdrawl
$-64.67
^
D1/4'2012
MSale
T-87.22
PThe Phone Company
LBills:Cellular
^
D1/5'2012
T-250.00
L[Woodgrove Bank Savings]
^
D1/5'2012
MIncludes quarterly massage
T-49.95
PThe Gym
LBills:Health Club
^
D1/6'2012
T-179.88
PContoso Ltd.
LGroceries
^
D1/7'2012
T-62.88
PThe Water Company
LBills:Water & Sewer
^
D1/13'2012
T-135.00
PElectric Company
LBills:Electricity
^
D1/17'2012
T1,175.31
PAUTOMATIC DEPOSIT -- PAYROLL
LWages & Salary:Gross Pay
SWages & Salary:Gross Pay
$1,616.67
STaxes:Federal Income Tax
$-225.00
STaxes:Social Security Tax
$-113.37
STaxes:Medicare Tax
$-38.32
S[Charlie's 401(k) (Contributions)]
E401k withdrawl
$-64.67
^
D1/20'2012
T-350.00
PWoodgrove Bank Credit Card
L[Woodgrove Bank Credit Card]
^
D1/20'2012
T1,345.86
PAUTOMATIC DEPOSIT -- PAYROLL
LWages & Salary
^
D1/21'2012
T-24.95
PAdventure Works
LBills:Telephone
^
D1/31'2012
T-53.34
PCity Power & Light
LBills:Cable-Satellite Television
^
D1/31'2012
T-1,928.11
PMortgage Co
LHome Loan
SHome Loan
EPrincipal
$-568.29
SLoan:Mortgage Interest
EInterest
$-1,109.82
S[Escrow Account]
$-250.00
^
D2/1'2012
MMonthly wine tasting dinner
T-98.50
PCoho Vineyard & Winery
LDining Out
^
D2/1'2012
T-45.00
PThe Gas Company
LBills:Natural Gas-Oil
^
D2/2'2012
T1,175.31
PAUTOMATIC DEPOSIT -- PAYROLL
LWages & Salary:Gross Pay
SWages & Salary:Gross Pay
$1,616.67
STaxes:Federal Income Tax
$-225.00
STaxes:Social Security Tax
$-113.37
STaxes:Medicare Tax
$-38.32
S[Charlie's 401(k) (Contributions)]
E401k withdrawl
$-64.67
^
D2/4'2012
MSale
T-87.22
PThe Phone Company
LBills:Cellular
^
D2/5'2012
T-250.00
L[Woodgrove Bank Savings]
^
D2/5'2012
MIncludes quarterly massage
T-49.95
PThe Gym
LBills:Health Club
^
D2/6'2012
T-179.88
PContoso Ltd.
LGroceries
^
D2/7'2012
T-62.88
PThe Water Company
LBills:Water & Sewer
^
D2/13'2012
T-135.00
PElectric Company
LBills:Electricity
^
D2/17'2012
T1,175.31
PAUTOMATIC DEPOSIT -- PAYROLL
LWages & Salary:Gross Pay
SWages & Salary:Gross Pay
$1,616.67
STaxes:Federal Income Tax
$-225.00
STaxes:Social Security Tax
$-113.37
STaxes:Medicare Tax
$-38.32
S[Charlie's 401(k) (Contributions)]
E401k withdrawl
$-64.67
^
D2/20'2012
T-350.00
PWoodgrove Bank Credit Card
L[Woodgrove Bank Credit Card]
^
D2/20'2012
T1,345.86
PAUTOMATIC DEPOSIT -- PAYROLL
LWages & Salary
^
D2/21'2012
T-24.95
PAdventure Works
LBills:Telephone
^
D2/29'2012
T-53.34
PCity Power & Light
LBills:Cable-Satellite Television
^
D2/29'2012
T-1,928.11
PMortgage Co
LHome Loan
SHome Loan
EPrincipal
$-568.29
SLoan:Mortgage Interest
EInterest
$-1,109.82
S[Escrow Account]
$-250.00
^
D3/1'2012
MMonthly wine tasting dinner
T-98.50
PCoho Vineyard & Winery
LDining Out
^
D3/1'2012
T-45.00
PThe Gas Company
LBills:Natural Gas-Oil
^
D3/2'2012
T1,175.31
PAUTOMATIC DEPOSIT -- PAYROLL
LWages & Salary:Gross Pay
SWages & Salary:Gross Pay
$1,616.67
STaxes:Federal Income Tax
$-225.00
STaxes:Social Security Tax
$-113.37
STaxes:Medicare Tax
$-38.32
S[Charlie's 401(k) (Contributions)]
E401k withdrawl
$-64.67
^
D3/4'2012
MSale
T-87.22
PThe Phone Company
LBills:Cellular
^
D3/5'2012
T-250.00
L[Woodgrove Bank Savings]
^
D3/5'2012
MIncludes quarterly massage
T-49.95
PThe Gym
LBills:Health Club
^
D3/6'2012
T-179.88
PContoso Ltd.
LGroceries
^
D3/7'2012
T-62.88
PThe Water Company
LBills:Water & Sewer
^
D3/13'2012
T-135.00
PElectric Company
LBills:Electricity
^
D3/17'2012
T1,175.31
PAUTOMATIC DEPOSIT -- PAYROLL
LWages & Salary:Gross Pay
SWages & Salary:Gross Pay
$1,616.67
STaxes:Federal Income Tax
$-225.00
STaxes:Social Security Tax
$-113.37
STaxes:Medicare Tax
$-38.32
S[Charlie's 401(k) (Contributions)]
E401k withdrawl
$-64.67
^
D3/20'2012
T-350.00
PWoodgrove Bank Credit Card
L[Woodgrove Bank Credit Card]
^
D3/20'2012
T1,345.86
PAUTOMATIC DEPOSIT -- PAYROLL
LWages & Salary
^
D3/21'2012
T-24.95
PAdventure Works
LBills:Telephone
^
D3/31'2012
T-53.34
PCity Power & Light
LBills:Cable-Satellite Television
^
D3/31'2012
T-1,928.11
PMortgage Co
LHome Loan
SHome Loan
EPrincipal
$-568.29
SLoan:Mortgage Interest
EInterest
$-1,109.82
S[Escrow Account]
$-250.00
^
D4/1'2012
MMonthly wine tasting dinner
T-98.50
PCoho Vineyard & Winery
LDining Out
^
D4/1'2012
T-45.00
PThe Gas Company
LBills:Natural Gas-Oil
^
D4/2'2012
T1,175.31
PAUTOMATIC DEPOSIT -- PAYROLL
LWages & Salary:Gross Pay
SWages & Salary:Gross Pay
$1,616.67
STaxes:Federal Income Tax
$-225.00
STaxes:Social Security Tax
$-113.37
STaxes:Medicare Tax
$-38.32
S[Charlie's 401(k) (Contributions)]
E401k withdrawl
$-64.67
^
D4/4'2012
MSale
T-87.22
PThe Phone Company
LBills:Cellular
^
D4/5'2012
T-250.00
L[Woodgrove Bank Savings]
^
D4/5'2012
MIncludes quarterly massage
T-49.95
PThe Gym
LBills:Health Club
^
D4/6'2012
T-179.88
PContoso Ltd.
LGroceries
^
D4/7'2012
T-62.88
PThe Water Company
LBills:Water & Sewer
^
D4/13'2012
T-135.00
PElectric Company
LBills:Electricity
^
D4/17'2012
T1,175.31
PAUTOMATIC DEPOSIT -- PAYROLL
LWages & Salary:Gross Pay
SWages & Salary:Gross Pay
$1,616.67
STaxes:Federal Income Tax
$-225.00
STaxes:Social Security Tax
$-113.37
STaxes:Medicare Tax
$-38.32
S[Charlie's 401(k) (Contributions)]
E401k withdrawl
$-64.67
^
D4/20'2012
T-350.00
PWoodgrove Bank Credit Card
L[Woodgrove Bank Credit Card]
^
D4/20'2012
T1,345.86
PAUTOMATIC DEPOSIT -- PAYROLL
LWages & Salary
^
D4/21'2012
T-24.95
PAdventure Works
LBills:Telephone
^
D4/30'2012
T-53.34
PCity Power & Light
LBills:Cable-Satellite Television
^
D4/30'2012
T-1,928.11
PMortgage Co
LHome Loan
SHome Loan
EPrincipal
$-568.29
SLoan:Mortgage Interest
EInterest
$-1,109.82
S[Escrow Account]
$-250.00
^
D5/1'2012
MMonthly wine tasting dinner
T-98.50
PCoho Vineyard & Winery
LDining Out
^
D5/1'2012
T-45.00
PThe Gas Company
LBills:Natural Gas-Oil
^
D5/2'2012
T1,175.31
PAUTOMATIC DEPOSIT -- PAYROLL
LWages & Salary:Gross Pay
SWages & Salary:Gross Pay
$1,616.67
STaxes:Federal Income Tax
$-225.00
STaxes:Social Security Tax
$-113.37
STaxes:Medicare Tax
$-38.32
S[Charlie's 401(k) (Contributions)]
E401k withdrawl
$-64.67
^
D5/4'2012
MSale
T-87.22
PThe Phone Company
LBills:Cellular
^
D5/5'2012
T-250.00
L[Woodgrove Bank Savings]
^
D5/5'2012
MIncludes quarterly massage
T-49.95
PThe Gym
LBills:Health Club
^
D5/6'2012
T-179.88
PContoso Ltd.
LGroceries
^
D5/7'2012
T-62.88
PThe Water Company
LBills:Water & Sewer
^
D5/13'2012
T-135.00
PElectric Company
LBills:Electricity
^
D5/17'2012
T1,175.31
PAUTOMATIC DEPOSIT -- PAYROLL
LWages & Salary:Gross Pay
SWages & Salary:Gross Pay
$1,616.67
STaxes:Federal Income Tax
$-225.00
STaxes:Social Security Tax
$-113.37
STaxes:Medicare Tax
$-38.32
S[Charlie's 401(k) (Contributions)]
E401k withdrawl
$-64.67
^
D5/20'2012
T-350.00
PWoodgrove Bank Credit Card
L[Woodgrove Bank Credit Card]
^
D5/20'2012
T1,345.86
PAUTOMATIC DEPOSIT -- PAYROLL
LWages & Salary
^
D5/21'2012
T-24.95
PAdventure Works
LBills:Telephone
^
D5/31'2012
T-53.34
PCity Power & Light
LBills:Cable-Satellite Television
^
D5/31'2012
T-1,928.11
PMortgage Co
LHome Loan
SHome Loan
EPrincipal
$-568.29
SLoan:Mortgage Interest
EInterest
$-1,109.82
S[Escrow Account]
$-250.00
^
D6/1'2012
MMonthly wine tasting dinner
T-98.50
PCoho Vineyard & Winery
LDining Out
^
D6/1'2012
T-45.00
PThe Gas Company
LBills:Natural Gas-Oil
^
D6/2'2012
T1,175.31
PAUTOMATIC DEPOSIT -- PAYROLL
LWages & Salary:Gross Pay
SWages & Salary:Gross Pay
$1,616.67
STaxes:Federal Income Tax
$-225.00
STaxes:Social Security Tax
$-113.37
STaxes:Medicare Tax
$-38.32
S[Charlie's 401(k) (Contributions)]
E401k withdrawl
$-64.67
^
D6/4'2012
MSale
T-87.22
PThe Phone Company
LBills:Cellular
^
D6/5'2012
T-250.00
L[Woodgrove Bank Savings]
^
D6/5'2012
MIncludes quarterly massage
T-49.95
PThe Gym
LBills:Health Club
^
D6/6'2012
T-179.88
PContoso Ltd.
LGroceries
^
D6/7'2012
T-62.88
PThe Water Company
LBills:Water & Sewer
^
D6/13'2012
T-135.00
PElectric Company
LBills:Electricity
^
D6/17'2012
T1,175.31
PAUTOMATIC DEPOSIT -- PAYROLL
LWages & Salary:Gross Pay
SWages & Salary:Gross Pay
$1,616.67
STaxes:Federal Income Tax
$-225.00
STaxes:Social Security Tax
$-113.37
STaxes:Medicare Tax
$-38.32
S[Charlie's 401(k) (Contributions)]
E401k withdrawl
$-64.67
^
D6/20'2012
T-350.00
PWoodgrove Bank Credit Card
L[Woodgrove Bank Credit Card]
^
D6/20'2012
T1,345.86
PAUTOMATIC DEPOSIT -- PAYROLL
LWages & Salary
^
D6/21'2012
T-24.95
PAdventure Works
LBills:Telephone
^
D6/30'2012
T-53.34
PCity Power & Light
LBills:Cable-Satellite Television
^
D6/30'2012
T-1,928.11
PMortgage Co
LHome Loan
SHome Loan
EPrincipal
$-568.29
SLoan:Mortgage Interest
EInterest
$-1,109.82
S[Escrow Account]
$-250.00
^
D7/1'2012
MMonthly wine tasting dinner
T-98.50
PCoho Vineyard & Winery
LDining Out
^
D7/1'2012
T-45.00
PThe Gas Company
LBills:Natural Gas-Oil
^
D7/2'2012
T1,175.31
PAUTOMATIC DEPOSIT -- PAYROLL
LWages & Salary:Gross Pay
SWages & Salary:Gross Pay
$1,616.67
STaxes:Federal Income Tax
$-225.00
STaxes:Social Security Tax
$-113.37
STaxes:Medicare Tax
$-38.32
S[Charlie's 401(k) (Contributions)]
E401k withdrawl
$-64.67
^
D7/4'2012
MSale
T-87.22
PThe Phone Company
LBills:Cellular
^
D7/5'2012
T-250.00
L[Woodgrove Bank Savings]
^
D7/5'2012
MIncludes quarterly massage
T-49.95
PThe Gym
LBills:Health Club
^
D7/6'2012
T-179.88
PContoso Ltd.
LGroceries
^
D7/7'2012
T-62.88
PThe Water Company
LBills:Water & Sewer
^
D7/13'2012
T-135.00
PElectric Company
LBills:Electricity
^
D7/17'2012
T1,175.31
PAUTOMATIC DEPOSIT -- PAYROLL
LWages & Salary:Gross Pay
SWages & Salary:Gross Pay
$1,616.67
STaxes:Federal Income Tax
$-225.00
STaxes:Social Security Tax
$-113.37
STaxes:Medicare Tax
$-38.32
S[Charlie's 401(k) (Contributions)]
E401k withdrawl
$-64.67
^
D7/20'2012
T-350.00
PWoodgrove Bank Credit Card
L[Woodgrove Bank Credit Card]
^
D7/20'2012
T1,345.86
PAUTOMATIC DEPOSIT -- PAYROLL
LWages & Salary
^
D7/21'2012
T-24.95
PAdventure Works
LBills:Telephone
^
D7/31'2012
T-53.34
PCity Power & Light
LBills:Cable-Satellite Television
^
D7/31'2012
T-1,928.11
PMortgage Co
LHome Loan
SHome Loan
EPrincipal
$-568.29
SLoan:Mortgage Interest
EInterest
$-1,109.82
S[Escrow Account]
$-250.00
^
D8/1'2012
MMonthly wine tasting dinner
T-98.50
PCoho Vineyard & Winery
LDining Out
^
D8/1'2012
T-45.00
PThe Gas Company
LBills:Natural Gas-Oil
^
D8/2'2012
T1,175.31
PAUTOMATIC DEPOSIT -- PAYROLL
LWages & Salary:Gross Pay
SWages & Salary:Gross Pay
$1,616.67
STaxes:Federal Income Tax
$-225.00
STaxes:Social Security Tax
$-113.37
STaxes:Medicare Tax
$-38.32
S[Charlie's 401(k) (Contributions)]
E401k withdrawl
$-64.67
^
D8/4'2012
MSale
T-87.22
PThe Phone Company
LBills:Cellular
^
D8/5'2012
T-250.00
L[Woodgrove Bank Savings]
^
D8/5'2012
MIncludes quarterly massage
T-49.95
PThe Gym
LBills:Health Club
^
D8/6'2012
T-179.88
PContoso Ltd.
LGroceries
^
D8/7'2012
T-62.88
PThe Water Company
LBills:Water & Sewer
^
D8/13'2012
T-135.00
PElectric Company
LBills:Electricity
^
D8/17'2012
T1,175.31
PAUTOMATIC DEPOSIT -- PAYROLL
LWages & Salary:Gross Pay
SWages & Salary:Gross Pay
$1,616.67
STaxes:Federal Income Tax
$-225.00
STaxes:Social Security Tax
$-113.37
STaxes:Medicare Tax
$-38.32
S[Charlie's 401(k) (Contributions)]
E401k withdrawl
$-64.67
^
D8/20'2012
T-350.00
PWoodgrove Bank Credit Card
L[Woodgrove Bank Credit Card]
^
D8/20'2012
T1,345.86
PAUTOMATIC DEPOSIT -- PAYROLL
LWages & Salary
^
D8/21'2012
T-24.95
PAdventure Works
LBills:Telephone
^
D8/31'2012
T-53.34
PCity Power & Light
LBills:Cable-Satellite Television
^
D8/31'2012
T-1,928.11
PMortgage Co
LHome Loan
SHome Loan
EPrincipal
$-568.29
SLoan:Mortgage Interest
EInterest
$-1,109.82
S[Escrow Account]
$-250.00
^
D9/1'2012
MMonthly wine tasting dinner
T-98.50
PCoho Vineyard & Winery
LDining Out
^
D9/1'2012
T-45.00
PThe Gas Company
LBills:Natural Gas-Oil
^
D9/2'2012
T1,175.31
PAUTOMATIC DEPOSIT -- PAYROLL
LWages & Salary:Gross Pay
SWages & Salary:Gross Pay
$1,616.67
STaxes:Federal Income Tax
$-225.00
STaxes:Social Security Tax
$-113.37
STaxes:Medicare Tax
$-38.32
S[Charlie's 401(k) (Contributions)]
E401k withdrawl
$-64.67
^
D9/4'2012
MSale
T-87.22
PThe Phone Company
LBills:Cellular
^
D9/5'2012
T-250.00
L[Woodgrove Bank Savings]
^
D9/5'2012
MIncludes quarterly massage
T-49.95
PThe Gym
LBills:Health Club
^
D9/6'2012
T-179.88
PContoso Ltd.
LGroceries
^
D9/7'2012
T-62.88
PThe Water Company
LBills:Water & Sewer
^
D9/13'2012
T-135.00
PElectric Company
LBills:Electricity
^
D9/17'2012
T1,175.31
PAUTOMATIC DEPOSIT -- PAYROLL
LWages & Salary:Gross Pay
SWages & Salary:Gross Pay
$1,616.67
STaxes:Federal Income Tax
$-225.00
STaxes:Social Security Tax
$-113.37
STaxes:Medicare Tax
$-38.32
S[Charlie's 401(k) (Contributions)]
E401k withdrawl
$-64.67
^
D9/20'2012
T-350.00
PWoodgrove Bank Credit Card
L[Woodgrove Bank Credit Card]
^
D9/20'2012
T1,345.86
PAUTOMATIC DEPOSIT -- PAYROLL
LWages & Salary
^
D9/21'2012
T-24.95
PAdventure Works
LBills:Telephone
^
D9/30'2012
T-53.34
PCity Power & Light
LBills:Cable-Satellite Television
^
D9/30'2012
T-1,928.11
PMortgage Co
LHome Loan
SHome Loan
EPrincipal
$-568.29
SLoan:Mortgage Interest
EInterest
$-1,109.82
S[Escrow Account]
$-250.00
^
D10/1'2012
MMonthly wine tasting dinner
T-98.50
PCoho Vineyard & Winery
LDining Out
^
D10/1'2012
T-45.00
PThe Gas Company
LBills:Natural Gas-Oil
^
D10/2'2012
T1,175.31
PAUTOMATIC DEPOSIT -- PAYROLL
LWages & Salary:Gross Pay
SWages & Salary:Gross Pay
$1,616.67
STaxes:Federal Income Tax
$-225.00
STaxes:Social Security Tax
$-113.37
STaxes:Medicare Tax
$-38.32
S[Charlie's 401(k) (Contributions)]
E401k withdrawl
$-64.67
^
D10/4'2012
MSale
T-87.22
PThe Phone Company
LBills:Cellular
^
D10/5'2012
T-250.00
L[Woodgrove Bank Savings]
^
D10/5'2012
MIncludes quarterly massage
T-49.95
PThe Gym
LBills:Health Club
^
D10/6'2012
T-179.88
PContoso Ltd.
LGroceries
^
D10/7'2012
T-62.88
PThe Water Company
LBills:Water & Sewer
^
D10/13'2012
T-135.00
PElectric Company
LBills:Electricity
^
D10/17'2012
T1,175.31
PAUTOMATIC DEPOSIT -- PAYROLL
LWages & Salary:Gross Pay
SWages & Salary:Gross Pay
$1,616.67
STaxes:Federal Income Tax
$-225.00
STaxes:Social Security Tax
$-113.37
STaxes:Medicare Tax
$-38.32
S[Charlie's 401(k) (Contributions)]
E401k withdrawl
$-64.67
^
D10/20'2012
T-350.00
PWoodgrove Bank Credit Card
L[Woodgrove Bank Credit Card]
^
D10/20'2012
T1,345.86
PAUTOMATIC DEPOSIT -- PAYROLL
LWages & Salary
^
D10/21'2012
T-24.95
PAdventure Works
LBills:Telephone
^
D10/31'2012
T-53.34
PCity Power & Light
LBills:Cable-Satellite Television
^
D10/31'2012
T-1,928.11
PMortgage Co
LHome Loan
SHome Loan
EPrincipal
$-568.29
SLoan:Mortgage Interest
EInterest
$-1,109.82
S[Escrow Account]
$-250.00
^
D11/1'2012
MMonthly wine tasting dinner
T-98.50
PCoho Vineyard & Winery
LDining Out
^
D11/1'2012
T-45.00
PThe Gas Company
LBills:Natural Gas-Oil
^
D11/2'2012
T1,175.31
PAUTOMATIC DEPOSIT -- PAYROLL
LWages & Salary:Gross Pay
SWages & Salary:Gross Pay
$1,616.67
STaxes:Federal Income Tax
$-225.00
STaxes:Social Security Tax
$-113.37
STaxes:Medicare Tax
$-38.32
S[Charlie's 401(k) (Contributions)]
E401k withdrawl
$-64.67
^
D11/4'2012
MSale
T-87.22
PThe Phone Company
LBills:Cellular
^
D11/5'2012
T-250.00
L[Woodgrove Bank Savings]
^
D11/5'2012
MIncludes quarterly massage
T-49.95
PThe Gym
LBills:Health Club
^
D11/6'2012
T-179.88
PContoso Ltd.
LGroceries
^
D11/7'2012
T-62.88
PThe Water Company
LBills:Water & Sewer
^
D11/13'2012
T-135.00
PElectric Company
LBills:Electricity
^
D11/17'2012
T1,175.31
PAUTOMATIC DEPOSIT -- PAYROLL
LWages & Salary:Gross Pay
SWages & Salary:Gross Pay
$1,616.67
STaxes:Federal Income Tax
$-225.00
STaxes:Social Security Tax
$-113.37
STaxes:Medicare Tax
$-38.32
S[Charlie's 401(k) (Contributions)]
E401k withdrawl
$-64.67
^
D11/20'2012
T-350.00
PWoodgrove Bank Credit Card
L[Woodgrove Bank Credit Card]
^
D11/20'2012
T1,345.86
PAUTOMATIC DEPOSIT -- PAYROLL
LWages & Salary
^
D11/21'2012
T-24.95
PAdventure Works
LBills:Telephone
^
D11/30'2012
T-53.34
PCity Power & Light
LBills:Cable-Satellite Television
^
D11/30'2012
T-1,928.11
PMortgage Co
LHome Loan
SHome Loan
EPrincipal
$-568.29
SLoan:Mortgage Interest
EInterest
$-1,109.82
S[Escrow Account]
$-250.00
^
D12/1'2012
MMonthly wine tasting dinner
T-98.50
PCoho Vineyard & Winery
LDining Out
^
D12/1'2012
T-45.00
PThe Gas Company
LBills:Natural Gas-Oil
^
D12/2'2012
T1,175.31
PAUTOMATIC DEPOSIT -- PAYROLL
LWages & Salary:Gross Pay
SWages & Salary:Gross Pay
$1,616.67
STaxes:Federal Income Tax
$-225.00
STaxes:Social Security Tax
$-113.37
STaxes:Medicare Tax
$-38.32
S[Charlie's 401(k) (Contributions)]
E401k withdrawl
$-64.67
^
D12/4'2012
MSale
T-87.22
PThe Phone Company
LBills:Cellular
^
D12/5'2012
T-250.00
L[Woodgrove Bank Savings]
^
D12/5'2012
MIncludes quarterly massage
T-49.95
PThe Gym
LBills:Health Club
^
D12/6'2012
T-179.88
PContoso Ltd.
LGroceries
^
D12/7'2012
T-62.88
PThe Water Company
LBills:Water & Sewer
^
D12/13'2012
T-135.00
PElectric Company
LBills:Electricity
^
D12/17'2012
T1,175.31
PAUTOMATIC DEPOSIT -- PAYROLL
LWages & Salary:Gross Pay
SWages & Salary:Gross Pay
$1,616.67
STaxes:Federal Income Tax
$-225.00
STaxes:Social Security Tax
$-113.37
STaxes:Medicare Tax
$-38.32
S[Charlie's 401(k) (Contributions)]
E401k withdrawl
$-64.67
^
D12/20'2012
T-350.00
PWoodgrove Bank Credit Card
L[Woodgrove Bank Credit Card]
^
D12/20'2012
T1,345.86
PAUTOMATIC DEPOSIT -- PAYROLL
LWages & Salary
^
D12/21'2012
T-24.95
PAdventure Works
LBills:Telephone
^
D12/31'2012
T-53.34
PCity Power & Light
LBills:Cable-Satellite Television
^
D12/31'2012
T-1,928.11
PMortgage Co
LHome Loan
SHome Loan
EPrincipal
$-568.29
SLoan:Mortgage Interest
EInterest
$-1,109.82
S[Escrow Account]
$-250.00
^
D1/1'2013
MMonthly wine tasting dinner
T-98.50
PCoho Vineyard & Winery
LDining Out
^
D1/1'2013
T-45.00
PThe Gas Company
LBills:Natural Gas-Oil
^
D1/2'2013
T1,175.31
PAUTOMATIC DEPOSIT -- PAYROLL
LWages & Salary:Gross Pay
SWages & Salary:Gross Pay
$1,616.67
STaxes:Federal Income Tax
$-225.00
STaxes:Social Security Tax
$-113.37
STaxes:Medicare Tax
$-38.32
S[Charlie's 401(k) (Contributions)]
E401k withdrawl
$-64.67
^
D1/4'2013
MSale
T-87.22
PThe Phone Company
LBills:Cellular
^
D1/5'2013
T-250.00
L[Woodgrove Bank Savings]
^
D1/5'2013
MIncludes quarterly massage
T-49.95
PThe Gym
LBills:Health Club
^
D1/6'2013
T-179.88
PContoso Ltd.
LGroceries
^
D1/7'2013
T-62.88
PThe Water Company
LBills:Water & Sewer
^
D1/13'2013
T-135.00
PElectric Company
LBills:Electricity
^
D1/17'2013
T1,175.31
PAUTOMATIC DEPOSIT -- PAYROLL
LWages & Salary:Gross Pay
SWages & Salary:Gross Pay
$1,616.67
STaxes:Federal Income Tax
$-225.00
STaxes:Social Security Tax
$-113.37
STaxes:Medicare Tax
$-38.32
S[Charlie's 401(k) (Contributions)]
E401k withdrawl
$-64.67
^
D1/20'2013
T-350.00
PWoodgrove Bank Credit Card
L[Woodgrove Bank Credit Card]
^
D1/20'2013
T1,345.86
PAUTOMATIC DEPOSIT -- PAYROLL
LWages & Salary
^
D1/21'2013
T-24.95
PAdventure Works
LBills:Telephone
^
D1/31'2013
T-53.34
PCity Power & Light
LBills:Cable-Satellite Television
^
D1/31'2013
T-1,928.11
PMortgage Co
LHome Loan
SHome Loan
EPrincipal
$-568.29
SLoan:Mortgage Interest
EInterest
$-1,109.82
S[Escrow Account]
$-250.00
^
D2/1'2013
MMonthly wine tasting dinner
T-98.50
PCoho Vineyard & Winery
LDining Out
^
D2/1'2013
T-45.00
PThe Gas Company
LBills:Natural Gas-Oil
^
D2/2'2013
T1,175.31
PAUTOMATIC DEPOSIT -- PAYROLL
LWages & Salary:Gross Pay
SWages & Salary:Gross Pay
$1,616.67
STaxes:Federal Income Tax
$-225.00
STaxes:Social Security Tax
$-113.37
STaxes:Medicare Tax
$-38.32
S[Charlie's 401(k) (Contributions)]
E401k withdrawl
$-64.67
^
D2/4'2013
MSale
T-87.22
PThe Phone Company
LBills:Cellular
^
D2/5'2013
T-250.00
L[Woodgrove Bank Savings]
^
D2/5'2013
MIncludes quarterly massage
T-49.95
PThe Gym
LBills:Health Club
^
D2/6'2013
T-179.88
PContoso Ltd.
LGroceries
^
D2/7'2013
T-62.88
PThe Water Company
LBills:Water & Sewer
^
D2/13'2013
T-135.00
PElectric Company
LBills:Electricity
^
D2/17'2013
T1,175.31
PAUTOMATIC DEPOSIT -- PAYROLL
LWages & Salary:Gross Pay
SWages & Salary:Gross Pay
$1,616.67
STaxes:Federal Income Tax
$-225.00
STaxes:Social Security Tax
$-113.37
STaxes:Medicare Tax
$-38.32
S[Charlie's 401(k) (Contributions)]
E401k withdrawl
$-64.67
^
D2/20'2013
T-350.00
PWoodgrove Bank Credit Card
L[Woodgrove Bank Credit Card]
^
D2/20'2013
T1,345.86
PAUTOMATIC DEPOSIT -- PAYROLL
LWages & Salary
^
D2/21'2013
T-24.95
PAdventure Works
LBills:Telephone
^
D2/28'2013
T-53.34
PCity Power & Light
LBills:Cable-Satellite Television
^
D2/28'2013
T-1,928.11
PMortgage Co
LHome Loan
SHome Loan
EPrincipal
$-568.29
SLoan:Mortgage Interest
EInterest
$-1,109.82
S[Escrow Account]
$-250.00
^
D3/1'2013
MMonthly wine tasting dinner
T-98.50
PCoho Vineyard & Winery
LDining Out
^
D3/1'2013
T-45.00
PThe Gas Company
LBills:Natural Gas-Oil
^
D3/2'2013
T1,175.31
PAUTOMATIC DEPOSIT -- PAYROLL
LWages & Salary:Gross Pay
SWages & Salary:Gross Pay
$1,616.67
STaxes:Federal Income Tax
$-225.00
STaxes:Social Security Tax
$-113.37
STaxes:Medicare Tax
$-38.32
S[Charlie's 401(k) (Contributions)]
E401k withdrawl
$-64.67
^
D3/4'2013
MSale
T-87.22
PThe Phone Company
LBills:Cellular
^
